1819 3219
525 174 863 217 LECTIONES
896 173 1184 216 LYSIACAE.
1507 178 1586 220 155

129 289 140 320 ἱ
148 289 291 332 paq-iq).
311 285 404 320 Haec
417 285 553 318 fueram
568 285 846 324 commentatus,
861 285 970 327 atque
982 282 1077 316 idem
1092 282 1158 316 sibi
1170 283 1206 316 in
1220 285 1378 317 mentem
1391 284 1532 318 venisse
1547 285 1588 318 li-

132 343 215 376 teris
226 341 340 373 adme
351 341 443 373 datis
453 340 681 383 significavit,
693 340 852 373 adducto
865 338 970 372 etiam
984 337 1141 372 Luciani
1154 338 1246 380 1000,
1258 337 1326 370 Vir
1338 341 1589 381 praestantissi-

131 407 223 438 mus,
235 396 294 429 cui
310 396 505 440 plurimum
517 399 554 428 et
571 395 664 438 Ego,
677 397 713 427 et
724 395 793 435 Tu,
810 394 954 431 Lector,
970 393 1156 433 debemus,
1167 392 1242 425 Jer.
1260 391 1515 428 Marklandus.
1542 394 1588 428 In

128 451 198 484 fine
214 451 383 484 orationis
401 461 431 484 c.
453 451 648 484 Pancleon.
669 450 799 493 legitur
813 459 847 492 p.
868 451 948 483 738.
966 450 998 483 1.
1028 449 1112 482 Ἐὰν
1129 451 1193 493 γὰρ
1212 449 1508 492 διαμνημονεύητε,
1528 449 1588 483 οἶδ’

127 506 179 539 ὅτι
191 507 233 539 τά
245 520 279 540 τε
295 506 404 539 δίκαια
417 508 471 539 καὶ
488 507 620 546 τάληθῆ
639 506 822 548 ψηφιεῖσθε,
843 506 896 537 καὶ
913 508 934 537 ἃ
951 504 1014 549 ἐγὼ
1032 505 1126 548 ὑμῶν
1144 504 1267 549 δέομαι.
1308 503 1417 544 Quod
1435 507 1472 536 ct
1490 505 1589 539 salve

127 559 271 602 legitur,
285 571 404 604 neque
419 560 520 593 facile
535 559 725 604 displicere
738 561 868 602 potest,
883 560 1122 603 Ἀττικώτερον
1134 562 1254 592 tamen
1269 558 1375 602 longe
1389 556 1430 592 εὗ
1443 557 1515 592 οἶδ’
1529 560 1590 592 ὅτι.

128 609 460 651 Familiarissimum
478 617 650 661 loquendi
667 628 795 659 genus,
812 617 906 660 quod
926 616 1100 650 Oratores
1119 616 1227 650 Attici
1245 626 1315 649 non
1333 619 1470 650 temere
1487 617 1592 650 omit-

128 673 224 706 tunt.
256 672 390 706 Noster
406 675 502 706 certe
518 673 586 706 hoc
604 673 638 705 iu
658 673 737 705 loco
755 683 825 705 non
841 672 972 713 omisit,
992 671 1054 706 ubi
1071 673 1163 706 inter
1180 682 1286 705 voces
1304 672 1591 716 διαμνημονεύητε

127 729 165 760 et
182 725 244 761 οἷδ’
256 727 382 761 infelix
400 728 460 761 illa
476 729 606 762 vocula
622 724 658 762 εὗ
676 728 743 760 sita
765 727 1208 771 (mmmmmNmnrmzvom‘)
1223 728 1460 762 describentis
1477 728 1591 762 aciem

129 781 232 815 facile
249 782 386 824 effugit.
436 782 495 815 Ita
511 783 546 816 iu
565 784 678 816 altero
693 783 772 816 loco
788 783 978 823 consimili,
996 783 1032 815 in
1045 783 1148 816 Orat.
1166 793 1216 816 se.
1235 793 1268 816 ο.
1285 782 1438 827 Agorat.
1456 793 1495 826 p.
1509 786 1590 817 473.

130 838 164 870 6.
215 841 272 871 Δεῖ
299 840 363 881 γὰρ
390 839 496 871 αὑτὸν
523 839 707 878 ἀποδεῖξαι,
734 839 777 878 ὡς
800 840 838 871 οὐ
868 840 1074 883 κατεμήνυσε
1102 842 1171 872 τῶν
1200 839 1334 883 ἀνδρῶν
1362 839 1504 877 τούτων,
1525 838 1593 871 οὐδ’

129 893 235 932 αἴτιος
248 894 365 931 αὐτοῖς
386 894 457 926 ἐστὶ
480 896 536 925 τοῦ
559 895 761 927 θανάτου.
787 894 861 938 neg-cv
880 895 1016 928 δύναιτο
1036 894 1194 928 οὐδέποτε
1216 894 1401 932 ἀποδεῖξαι.
1451 893 1523 926 Ubi
1541 894 1594 927 le-

130 947 289 990 gendum
307 957 386 980 esse
405 947 530 980 monui
546 946 673 989 (literis
692 958 761 981 non
780 949 926 982 aliunde
944 948 1139 989 accersitis,
1157 960 1281 982 verum
1300 949 1499 983 earundem
1515 948 1595 993 qui-

130 1001 281 1035 busdam
308 1001 482 1045 repetitis,
499 1012 581 1045 qum
608 1006 754 1045 propter
771 1004 995 1037 adfinitatem
1019 1014 1103 1037 cum
1129 1005 1305 1047 proximis
1328 1004 1421 1038 inter
1441 1014 1595 1038 exaran-

130 1056 217 1090 dum
236 1056 527 1100 negligebantur)
551 1060 607 1090 Δεῖ
623 1061 687 1102 γὰρ
705 1060 809 1091 αὐτὸν
826 1061 1011 1100 ἀποδεῖξαι,
1030 1061 1074 1098 ὡς
1091 1061 1129 1092 οὐ
1151 1062 1359 1103 κατεμήνυσε
1376 1065 1444 1094 τῶν
1461 1061 1595 1104 ἀνδρῶν

130 1112 271 1152 τούτων,
297 1112 364 1144 οὐδ’
390 1114 494 1152 (ι’ἰτιος
519 1114 634 1152 αὐτοῖς
663 1115 732 1146 ἐστὶ
759 1117 815 1146 τοῦ
841 1116 1035 1148 θανάτου·
1061 1118 1079 1147 ὃ
1105 1117 1176 1147 οὐκ
1201 1115 1253 1147 εῖν
1274 1115 1411 1149 δύναιτο
1437 1115 1595 1150 οὐδέποτε

130 1167 315 1204 ἀποδεῖξαι.
367 1166 577 1200 Orationem
601 1178 631 1200 e.
649 1167 860 1210 Tyrannum
882 1169 1155 1202 Eratosthenem
1175 1167 1332 1202 habitam
1352 1169 1397 1202 ad
1415 1169 1596 1214 popularis
1612 1175 1676 1206 '720

132 1232 215 1254 suos
241 1222 338 1255 llisce
361 1222 480 1256 verbis
507 1222 646 1256 claudit
672 1223 814 1265 LyslaS.
839 1235 872 1266 p.
897 1226 978 1256 447.
998 1227 1028 1260 l.
1081 1225 1260 1268 Παύσομαι
1283 1229 1490 1268 κατηγορῶν.
1516 1226 1597 1265 ἀκη-

131 1281 241 1314 κόατε.
267 1280 440 1324 ἑωράκατε.
469 1281 675 1313 πεπόνθατε.
712 1282 815 1324 ἔχετε.
850 1281 1005 1318 ἶιιεάζετε.
1056 1281 1143 1313 Huc
1169 1281 1311 1314 adludit
1335 1281 1459 1324 procul
1487 1281 1597 1315 dubio

132 1335 347 1368 Aristoteles
367 1335 552 1368 Rlletoric.
568 1339 602 1369 3.
619 1339 769 1368 exirem.
819 1337 963 1376 Τελευτή
982 1336 1012 1368 δὲ
1039 1339 1101 1376 τῆς
1121 1337 1252 1375 λέξεως·
1270 1338 1428 1380 ἁρμόττει
1448 1337 1469 1376 ἡ
1490 1337 1598 1370 ἀσύν-

133 1391 236 1430 δετος,
265 1391 357 1430 ὅπως
384 1392 552 1433 ἐπίλογος,
578 1392 669 1424 ἀλλὰ
695 1394 741 1435 μὴ
771 1392 873 1435 λόγος
905 1389 938 1432 ἦ.
967 1393 1090 1435 εἴρηκα.
1118 1392 1294 1432 ἀκηκόατε.
1321 1393 1425 1434 ἔχετε.
1452 1393 1598 1436 κρίνατε.

134 1444 244 1478 Porro
266 1449 307 1478 ut
329 1446 499 1488 exempla
528 1448 715 1478 mutuatus
733 1447 778 1478 sit
796 1457 947 1487 maguus
971 1446 1028 1479 illc
1051 1446 1180 1479 artifex
1207 1446 1349 1479 dicendi
1372 1455 1418 1478 ex
1436 1445 1599 1480 Auctore

135 1503 255 1533 nostro
280 1498 487 1540 (mutuatur
513 1504 634 1534 autem
663 1511 924 1544 saepenumero,
944 1511 1060 1544 neque
1083 1503 1204 1533 tamen
1231 1500 1287 1533 vel
1313 1501 1423 1534 semel
1452 1500 1598 1535 nomine

135 1554 277 1598 laudat)
309 1555 359 1588 ita
393 1556 586 1599 aliquando
620 1556 750 1589 imitari
784 1555 923 1588 studuit
959 1556 1135 1589 Romanae
1169 1556 1400 1600 Eloquentiae.
1435 1556 1600 1600 princeps

137 1609 278 1643 Cicero.
330 1609 387 1643 Ita
413 1611 507 1654 quod
538 1610 687 1643 ineunte
714 1611 781 1643 hac
808 1611 885 1653 ipsa
914 1610 1073 1643 oratione
1100 1610 1197 1655 dixit
1224 1611 1365 1653 Lysias,
1392 1622 1426 1654 p.
1456 1613 1538 1645 381.
1568 1614 1598 1644 l.

137 1667 204 1698 Οὐκ
222 1666 385 1707 ἄρξασθαί
401 1678 455 1707 μοι
472 1665 556 1697 δοκεῖ
573 1667 705 1709 ἄπορον
723 1663 820 1706 εἶναι,
847 1662 870 1697 ὧ
888 1666 1006 1709 ἄνδρες
1024 1666 1186 1703 δικασταὶ,
1202 1669 1264 1705 τῆς
1281 1667 1492 1709 κατηγορίας,
1508 1667 1600 1699 ἀλλὰ

138 1719 334 1752 παύσασθαι
346 1720 493 1763 λέγοντι.
519 1720 553 1752 i‹l
574 1720 798 1753 adumbravit
819 1720 896 1753 Cic.
915 1730 976 1763 pro
996 1722 1072 1762 lege
1088 1721 1218 1754 Manil.
1238 1732 1309 1754 non
1328 1722 1450 1765 procul
1469 1721 1513 1754 ab
1531 1721 1601 1755 ini-

138 1774 210 1806 tio:
239 1774 261 1790 “
278 1773 403 1816 Hujus
427 1778 548 1807 autem
567 1775 737 1807 orationis
755 1775 931 1808 difficilius
949 1778 1003 1808 est
1026 1775 1166 1808 exitum
1185 1787 1293 1820 quam
1314 1776 1527 1820 principium
1546 1776 1601 1809 in-

137 1827 296 1861 venire.'’
321 1829 429 1860 Plura
441 1829 691 1862 dabitVictor.
710 1829 795 1862 Var.
815 1830 917 1863 Loci.
934 1830 1030 1862 XX.
1048 1832 1103 1863 16.
1117 1833 1153 1862 et
1171 1831 1306 1863 Murct.
1321 1831 1438 1864 XIX.
1453 1834 1512 1864 20.
1532 1832 1601 1864 Ea-

139 1881 220 1915 dem
236 1884 398 1916 oratione
418 1883 516 1915 locus
532 1884 612 1920 iste,
628 1895 660 1926 p.
677 1886 761 1917 415.
780 1887 813 1917 7.
841 1886 907 1917 Καὶ
926 1886 1112 1928 Βάτραχος,
1124 1887 1175 1918 καὶ
1192 1886 1397 1928 Αἰσχυλίδης
1410 1887 1448 1918 οὐ
1466 1887 1600 1926 τάληθῆ

139 1938 340 1981 μηνύουσιν,
366 1939 457 1972 ἀλλὰ
486 1940 620 1979 τάληθῆ
644 1940 712 1972 ὑπὸ
738 1943 806 1972 τῶν
827 1941 1006 1983 τριάκοντα
1032 1941 1232 1974 πλασθέντα
1260 1942 1524 1985 εἰσαγγέλλουσι,
1550 1941 1602 1974 ila

138 1993 412 2033 emendabatur,
427 2005 481 2026 me
497 1994 686 2033 insciente,
700 1994 743 2026 ab
763 1994 915 2027 Hcrald.
936 1995 1133 2029 Animadv.
1154 1996 1188 2028 in
1201 1996 1352 2028 Salmas.
1368 1995 1441 2029 111.
1457 1998 1489 2029 ’7.
1503 1999 1536 2028 4.
1548 1999 1601 2030 καὶ

141 2055 178 2082 Β.
199 2051 254 2082 καὶ
272 2054 313 2082 Α.
331 2052 368 2082 οὺ
382 2050 514 2090 τάληθῆ
533 2051 732 2094 μηνύουσιν,
751 2051 841 2082 ἀλλὰ
856 2053 897 2084 τὰ
911 2053 977 2084 ὑπὸ
993 2055 1062 2085 τῶν
1079 2052 1259 2094 τριάκοντα
1273 2051 1473 2084 πλασθέντα
1490 2053 1603 2096 εἰσαγ-

141 2104 306 2148 γέλλουσι.
335 2105 454 2138 Acute
469 2105 630 2149 quidem,
645 2116 764 2149 uequc
780 2106 991 2139 incredibile
1004 2111 1070 2145 est,
1084 2106 1179 2139 istud
1194 2108 1329 2147 τάληθῆ
1341 2106 1536 2149 repetitum
1551 2107 1604 2140 fu-

142 2161 212 2193 isse
224 2170 272 2192 ex
287 2160 542 2203 superioribus,
570 2160 628 2193 De
640 2161 816 2202 Mem-sio,
835 2161 996 2203 Schotto,
1010 2165 1044 2194 et
1059 2162 1234 2195 Palmerio
1250 2162 1434 2203 nonnulla,
1446 2162 1603 2206 quiante

144 2226 201 2248 me
221 2214 288 2247 hoc
314 2225 443 2247 saxum
464 2215 669 2248 volvebant.
721 2216 922 2249 Mem-sium
949 2217 1039 2255 dixi,
1065 2227 1099 2260 p.
1125 2219 1206 2250 271.
1232 2220 1305 2249 not.
1323 2227 1438 2249 erroro
1463 2226 1545 2249 mco
1567 2217 1603 2250 in

145 2270 258 2303 Attio.
290 2269 394 2302 Lect.
421 2269 490 2302 IV.
521 2273 554 2303 7.
582 2275 619 2303 et
652 2271 697 2303 de
721 2271 965 2304 Archontibus
993 2271 1067 2306 ΙΙΙ.
1097 2274 1150 2305 16.
1179 2272 1348 2305 Praetoris
1372 2271 1606 2305 Atheniensis

143 2335 275 2359 nomen
300 2325 398 2368 apud
424 2325 571 2367 Lysiam
596 2327 817 2360 emendasse.
868 2326 976 2367 Quod
1005 2327 1048 2359 ad
1076 2327 1227 2370 priorem
1256 2326 1372 2359 locum
1398 2328 1549 2370 spectat,
1569 2327 1603 2360 id

143 2391 247 2414 secus
265 2384 330 2418 est,
347 2391 430 2413 uam
448 2380 498 2413 ibi
517 2381 725 2424 neutiquam
743 2382 925 2415 emendat.
974 2381 1040 2416 Ille
1058 2386 1181 2415 tamen
1203 2382 1317 2415 Attio.
1347 2382 1451 2414 Lect.
1472 2381 1524 2415 II.
1549 2384 1604 2415 14.

144 2436 206 2480 qui
221 2435 323 2468 locus
341 2445 398 2468 me
416 2435 561 2468 omnino
579 2435 697 2475 latuit,
716 2437 886 2470 lacunam
905 2437 941 2470 in
958 2437 1118 2470 oratione
1136 2448 1167 2471 c.
1184 2436 1413 2470 Alcibiadem
1438 2437 1606 2480 supplere

144 2489 259 2522 voluit
280 2500 317 2533 p.
343 2492 425 2523 560.
449 2492 483 2523 4.
512 2491 549 2523 'O
570 2490 601 2522 δὲ
628 2491 845 2535 Πολέμαρχος
863 2493 916 2524 καὶ
936 2492 965 2524 οἱ
990 2493 1032 2524 τὰ
1055 2492 1242 2532 δεήσονται.
1263 2491 1415 2534 legendo
1438 2490 1605 2524 nimirum

143 2546 180 2578 ‘O
206 2544 238 2591 δὲ
265 2545 485 2588 Πολέμαρχος
508 2547 561 2578 καὶ
588 2545 617 2578 οἱ
638 2546 836 2590 πάρεδροι
863 2546 1052 2585 δεήσονται.
1103 2546 1160 2580 Ad
1187 2556 1296 2590 quem
1325 2546 1444 2578 locum
1468 2545 1605 2588 conjeci

145 2602 386 2643 στρατηγοὶ,
402 2599 644 2633 Marklaudus
661 2601 814 2644 ταμίαι.
848 2600 1031 2633 Nonnulla
1048 2604 1249 2634 tentaverat
1267 2601 1311 2633 ad
1326 2600 1472 2643 Lysiam
1490 2600 1607 2634 Andr.

146 2654 318 2688 Schottus
333 2654 372 2688 iu
389 2654 491 2696 libro,
509 2655 571 2699 qui
598 2655 814 2695 inscribitur,
832 2654 1096 2690 Observationes
1116 2655 1286 2695 ltmna‘noe,
1303 2655 1365 2700 qui
1388 2655 1476 2688 mihi
1497 2654 1609 2687 serius

145 2709 183 2742 in
199 2719 330 2742 manus
347 2714 505 2750 venerat,
517 2721 627 2754 quam
647 2714 684 2743 ut
701 2710 841 2752 singula
858 2711 930 2743 suis
948 2711 983 2743 in
999 2711 1087 2744 locis
1104 2711 1310 2744 insererem.
1354 2710 1434 2752 Ille,
1454 2712 1493 2742 ut
1510 2708 1608 2741 vide-

148 2766 209 2797 tur
230 2774 280 2798 ex
307 2764 497 2797 Observat.
522 2765 592 2798 IV.
609 2767 643 2798 5.
672 2768 863 2809 postquam
892 2768 1077 2798 auctorem
1105 2768 1267 2799 nostrum
1293 2764 1506 2809 ingratiam
1531 2762 1611 2798 Iud.

154 2817 292 2852 Vander
306 2818 430 2853 Heidii
445 2819 548 2853 amici
567 2826 601 2853 et
622 2819 876 2854 contubernalis
896 2820 1132 2862 recensuisset,
1151 2821 1288 2854 interea
1312 2819 1398 2852 dum
1423 2817 1492 2850 sub
1511 2818 1609 2860 prelo

152 2873 308 2914 sudaret,
322 2873 395 2907 loca
411 2881 482 2908 tum
498 2874 630 2908 intaeta
647 2875 700 2908 his
712 2875 1037 2909 observationibus
1055 2875 1262 2908 immiscuit.
1315 2874 1381 2907 Ille
1399 2873 1520 2917 itaque
1537 2873 1561 2906 1.
1575 2883 1608 2906 c.

155 2928 448 2971 llarpocratiouis
464 2931 678 2964 auctoritate
696 2930 876 2963 adductus
894 2932 1091 2964 orationem
1115 2942 1146 2964 c.
1162 2929 1389 2964 Andocidem
1404 2928 1611 2968 vindicavit,

154 2987 276 3026 atque,
295 2982 347 3015 uti
364 2993 427 3015 nos
444 2983 541 3025 olim,
565 2985 608 3018 ab
626 2985 726 3018 initio
743 2986 936 3028 supplevit.
958 2997 991 3028 p.
1010 2988 1083 3018 188.
1137 2984 1279 3018 Deinde
1297 2994 1362 3016 sua
1378 2983 1611 3017 hariolatione
