<?xml version="1.0" encoding="UTF-8"?>
<!DOCTYPE html PUBLIC "-//W3C//DTD XHTML 1.0 Transitional//EN"
    "http://www.w3.org/TR/xhtml1/DTD/xhtml1-transitional.dtd">
<html xmlns="http://www.w3.org/1999/xhtml" xml:lang="en" lang="en">
 <head>
  <title>
</title>
<meta http-equiv="Content-Type" content="text/html;charset=utf-8" />
  <meta name='ocr-system' content='tesseract 3.04.00' />
  <meta name='ocr-capabilities' content='ocr_page ocr_carea ocr_par ocr_line ocrx_word'/>
</head>
<body>
  <div class='ocr_page' id='page_1' title='image "./oratoresatticie02dobs/oratoresatticie02dobs_0144.png"; bbox 0 0 1839 3229; ppageno 0'>
   <div class='ocr_carea' id='block_1_1' title="bbox 246 189 1143 238">
    <p class='ocr_par' dir='ltr' id='par_1_1' title="bbox 246 189 1143 238">
     <span class='ocr_line' id='line_1_1' title="bbox 246 189 1143 238; baseline -0.009 0"><span class='ocrx_word' id='word_1_1' title='bbox 246 198 326 238; x_wconf 84' lang='lat'>102</span> <span class='ocrx_word' id='word_1_2' title='bbox 803 190 837 233; x_wconf 86' lang='lat'>1.</span> <span class='ocrx_word' id='word_1_3' title='bbox 869 189 1143 232; x_wconf 85' lang='lat' dir='ltr'><strong>TAYLORI</strong></span> 
     </span>
    </p>
   </div>
   <div class='ocr_carea' id='block_1_2' title="bbox 161 293 1727 2931">
    <p class='ocr_par' dir='ltr' id='par_1_2' title="bbox 161 293 1727 2931">
     <span class='ocr_line' id='line_1_2' title="bbox 240 293 1702 342; baseline -0.009 -4"><span class='ocrx_word' id='word_1_4' title='bbox 240 303 424 338; x_wconf 82' lang='lat' dir='ltr'>memoriae</span> <span class='ocrx_word' id='word_1_5' title='bbox 436 301 698 342; x_wconf 78' lang='lat' dir='ltr'>mandaverint,</span> <span class='ocrx_word' id='word_1_6' title='bbox 709 300 772 334; x_wconf 87' lang='lat' dir='ltr'>sed</span> <span class='ocrx_word' id='word_1_7' title='bbox 786 311 830 334; x_wconf 86' lang='lat' dir='ltr'>eo</span> <span class='ocrx_word' id='word_1_8' title='bbox 847 298 1043 333; x_wconf 78' lang='lat' dir='ltr'>certamine</span> <span class='ocrx_word' id='word_1_9' title='bbox 1060 297 1187 331; x_wconf 82' lang='lat' dir='ltr'>vicisse</span> <span class='ocrx_word' id='word_1_10' title='bbox 1205 295 1482 339; x_wconf 86' lang='lat' dir='ltr'>Theopompum</span> <span class='ocrx_word' id='word_1_11' title='bbox 1494 293 1702 338; x_wconf 87' lang='lat' dir='ltr'>judicatum</span> 
     </span>
     <span class='ocr_line' id='line_1_3' title="bbox 240 349 1704 402; baseline -0.009 -9"><span class='ocrx_word' id='word_1_12' title='bbox 240 359 330 393; x_wconf 87' lang='lat' dir='ltr'>est.’&#39;</span> <span class='ocrx_word' id='word_1_13' title='bbox 356 356 622 402; x_wconf 65' lang='lat' dir='ltr'>adjungendus</span> <span class='ocrx_word' id='word_1_14' title='bbox 635 366 783 401; x_wconf 87' lang='lat' dir='ltr'>quoque</span> <span class='ocrx_word' id='word_1_15' title='bbox 796 353 1013 388; x_wconf 87' lang='lat' dir='ltr'>Plutarchus</span> <span class='ocrx_word' id='word_1_16' title='bbox 1030 353 1067 385; x_wconf 85' lang='lat' dir='ltr'>in</span> <span class='ocrx_word' id='word_1_17' title='bbox 1081 352 1252 385; x_wconf 88' lang='lat' dir='ltr'>Isocrate.</span> <span class='ocrx_word' id='word_1_18' title='bbox 1302 351 1512 394; x_wconf 82' lang='grc' dir='ltr'>Ἠγωνίσατο</span> <span class='ocrx_word' id='word_1_19' title='bbox 1527 349 1558 381; x_wconf 81' lang='grc' dir='ltr'>δὲ</span> <span class='ocrx_word' id='word_1_20' title='bbox 1575 350 1628 381; x_wconf 81' lang='grc' dir='ltr'>καὶ</span> <span class='ocrx_word' id='word_1_21' title='bbox 1642 349 1704 381; x_wconf 89' lang='grc' dir='ltr'>τὸν</span> 
     </span>
     <span class='ocr_line' id='line_1_4' title="bbox 240 402 1705 456; baseline -0.009 -9"><span class='ocrx_word' id='word_1_22' title='bbox 240 416 297 447; x_wconf 78' lang='grc' dir='ltr'>ἐπὶ</span> <span class='ocrx_word' id='word_1_23' title='bbox 316 415 492 456; x_wconf 83' lang='grc' dir='ltr'>Μαυσώλῳ</span> <span class='ocrx_word' id='word_1_24' title='bbox 510 413 646 446; x_wconf 79' lang='grc' dir='ltr'>τεθέντα</span> <span class='ocrx_word' id='word_1_25' title='bbox 660 414 727 446; x_wconf 86' lang='grc' dir='ltr'>ὑπὸ</span> <span class='ocrx_word' id='word_1_26' title='bbox 744 410 954 454; x_wconf 79' lang='grc' dir='ltr'>Ἀρτεμισίας</span> <span class='ocrx_word' id='word_1_27' title='bbox 964 409 1094 451; x_wconf 83' lang='grc' dir='ltr'>ἀγῶνα·</span> <span class='ocrx_word' id='word_1_28' title='bbox 1114 408 1151 439; x_wconf 89' lang='grc' dir='ltr'>τὸ</span> <span class='ocrx_word' id='word_1_29' title='bbox 1169 405 1200 437; x_wconf 82' lang='grc' dir='ltr'>δὲ</span> <span class='ocrx_word' id='word_1_30' title='bbox 1212 407 1373 449; x_wconf 81' lang='grc' dir='ltr'>ἐγκώμιον</span> <span class='ocrx_word' id='word_1_31' title='bbox 1389 405 1428 437; x_wconf 83' lang='grc' dir='ltr'>οὐ</span> <span class='ocrx_word' id='word_1_32' title='bbox 1444 406 1593 442; x_wconf 78' lang='grc' dir='ltr'>σώζεται.</span> <span class='ocrx_word' id='word_1_33' title='bbox 1613 402 1705 435; x_wconf 85' lang='lat' dir='ltr'>Sunt</span> 
     </span>
     <span class='ocr_line' id='line_1_5' title="bbox 241 455 1705 506; baseline -0.01 -3"><span class='ocrx_word' id='word_1_34' title='bbox 241 469 321 502; x_wconf 85' lang='lat' dir='ltr'>haec</span> <span class='ocrx_word' id='word_1_35' title='bbox 349 471 470 501; x_wconf 82' lang='lat' dir='ltr'>tamen</span> <span class='ocrx_word' id='word_1_36' title='bbox 497 468 619 500; x_wconf 83' lang='lat' dir='ltr'>omnia</span> <span class='ocrx_word' id='word_1_37' title='bbox 645 464 766 500; x_wconf 85' lang='lat' dir='ltr'>dubiae</span> <span class='ocrx_word' id='word_1_38' title='bbox 793 463 890 502; x_wconf 86' lang='lat' dir='ltr'>fidei,</span> <span class='ocrx_word' id='word_1_39' title='bbox 920 461 1116 506; x_wconf 82' lang='lat' dir='ltr'>praesertim</span> <span class='ocrx_word' id='word_1_40' title='bbox 1135 470 1219 493; x_wconf 89' lang='lat' dir='ltr'>cum</span> <span class='ocrx_word' id='word_1_41' title='bbox 1234 459 1373 491; x_wconf 78' lang='lat' dir='ltr'><strong>Gellius</strong></span> <span class='ocrx_word' id='word_1_42' title='bbox 1389 457 1588 501; x_wconf 76' lang='lat' dir='ltr'>(Plutarchi</span> <span class='ocrx_word' id='word_1_43' title='bbox 1608 455 1705 488; x_wconf 87' lang='lat' dir='ltr'>enim</span> 
     </span>
     <span class='ocr_line' id='line_1_6' title="bbox 241 509 1705 563; baseline -0.01 -6"><span class='ocrx_word' id='word_1_44' title='bbox 241 523 496 557; x_wconf 85' lang='lat' dir='ltr'>auctoritatem</span> <span class='ocrx_word' id='word_1_45' title='bbox 524 532 596 555; x_wconf 90' lang='lat' dir='ltr'>non</span> <span class='ocrx_word' id='word_1_46' title='bbox 622 520 753 563; x_wconf 89' lang='lat' dir='ltr'>moror)</span> <span class='ocrx_word' id='word_1_47' title='bbox 769 522 845 551; x_wconf 87' lang='lat' dir='ltr'>tam</span> <span class='ocrx_word' id='word_1_48' title='bbox 858 517 984 550; x_wconf 84' lang='lat' dir='ltr'>timide</span> <span class='ocrx_word' id='word_1_49' title='bbox 1002 516 1046 549; x_wconf 87' lang='lat' dir='ltr'>de</span> <span class='ocrx_word' id='word_1_50' title='bbox 1062 526 1105 548; x_wconf 81' lang='lat' dir='ltr'>ea</span> <span class='ocrx_word' id='word_1_51' title='bbox 1122 526 1158 547; x_wconf 86' lang='lat' dir='ltr'>re</span> <span class='ocrx_word' id='word_1_52' title='bbox 1177 513 1370 557; x_wconf 88' lang='lat' dir='ltr'>scripserit.</span> <span class='ocrx_word' id='word_1_53' title='bbox 1419 512 1588 552; x_wconf 86' lang='lat' dir='ltr'>Accedit,</span> <span class='ocrx_word' id='word_1_54' title='bbox 1607 509 1705 554; x_wconf 85' lang='lat' dir='ltr'>quod</span> 
     </span>
     <span class='ocr_line' id='line_1_7' title="bbox 241 565 1708 621; baseline -0.01 -9"><span class='ocrx_word' id='word_1_55' title='bbox 241 588 316 612; x_wconf 87' lang='lat' dir='ltr'>vox</span> <span class='ocrx_word' id='word_1_56' title='bbox 345 578 523 621; x_wconf 81' lang='grc' dir='ltr'>Σωκράτης</span> <span class='ocrx_word' id='word_1_57' title='bbox 544 577 579 609; x_wconf 88' lang='lat' dir='ltr'>in</span> <span class='ocrx_word' id='word_1_58' title='bbox 602 576 681 608; x_wconf 88' lang='lat' dir='ltr'>loco</span> <span class='ocrx_word' id='word_1_59' title='bbox 706 572 922 610; x_wconf 72' lang='lat' dir='ltr'>Aristotelis,</span> <span class='ocrx_word' id='word_1_60' title='bbox 946 581 1017 604; x_wconf 87' lang='lat' dir='ltr'>non</span> <span class='ocrx_word' id='word_1_61' title='bbox 1034 570 1242 614; x_wconf 77' lang='grc' dir='ltr'>Ἰσοκράτης,</span> <span class='ocrx_word' id='word_1_62' title='bbox 1262 567 1453 601; x_wconf 82' lang='lat' dir='ltr'>retinenda</span> <span class='ocrx_word' id='word_1_63' title='bbox 1469 568 1534 599; x_wconf 86' lang='lat' dir='ltr'>est.</span> <span class='ocrx_word' id='word_1_64' title='bbox 1583 565 1708 599; x_wconf 85' lang='lat' dir='ltr'>Verba</span> 
     </span>
     <span class='ocr_line' id='line_1_8' title="bbox 242 619 1708 676; baseline -0.01 -11"><span class='ocrx_word' id='word_1_65' title='bbox 242 631 352 675; x_wconf 91' lang='lat' dir='ltr'>enim,</span> <span class='ocrx_word' id='word_1_66' title='bbox 369 643 451 676; x_wconf 84' lang='lat' dir='ltr'>quae</span> <span class='ocrx_word' id='word_1_67' title='bbox 474 631 524 664; x_wconf 93' lang='lat' dir='ltr'>ibi</span> <span class='ocrx_word' id='word_1_68' title='bbox 549 628 783 675; x_wconf 86' lang='lat' dir='ltr'>philosophus</span> <span class='ocrx_word' id='word_1_69' title='bbox 802 626 962 665; x_wconf 81' lang='lat' dir='ltr'>adducit,</span> <span class='ocrx_word' id='word_1_70' title='bbox 979 628 1063 658; x_wconf 88' lang='lat' dir='ltr'>sunt</span> <span class='ocrx_word' id='word_1_71' title='bbox 1090 625 1262 664; x_wconf 75' lang='lat' dir='ltr'>Socratis,</span> <span class='ocrx_word' id='word_1_72' title='bbox 1283 623 1357 656; x_wconf 87' lang='lat' dir='ltr'>sive</span> <span class='ocrx_word' id='word_1_73' title='bbox 1376 621 1551 662; x_wconf 85' lang='lat' dir='ltr'>Platonis,</span> <span class='ocrx_word' id='word_1_74' title='bbox 1570 620 1607 653; x_wconf 90' lang='lat' dir='ltr'>in</span> <span class='ocrx_word' id='word_1_75' title='bbox 1626 619 1708 652; x_wconf 86' lang='lat' dir='ltr'>Me-</span> 
     </span>
     <span class='ocr_line' id='line_1_9' title="bbox 241 675 1708 728; baseline -0.01 -7"><span class='ocrx_word' id='word_1_76' title='bbox 241 698 396 721; x_wconf 84' lang='lat' dir='ltr'>nexenO.</span> <span class='ocrx_word' id='word_1_77' title='bbox 448 686 578 719; x_wconf 86' lang='lat' dir='ltr'>Suidas</span> <span class='ocrx_word' id='word_1_78' title='bbox 615 694 729 728; x_wconf 91' lang='lat' dir='ltr'>porro,</span> <span class='ocrx_word' id='word_1_79' title='bbox 757 681 954 726; x_wconf 86' lang='lat' dir='ltr'>aliquando</span> <span class='ocrx_word' id='word_1_80' title='bbox 985 680 1196 713; x_wconf 85' lang='lat' dir='ltr'>utilissimus</span> <span class='ocrx_word' id='word_1_81' title='bbox 1221 679 1373 715; x_wconf 82' lang='lat' dir='ltr'>Auctor,</span> <span class='ocrx_word' id='word_1_82' title='bbox 1399 676 1533 720; x_wconf 88' lang='lat' dir='ltr'>juniori</span> <span class='ocrx_word' id='word_1_83' title='bbox 1562 675 1708 708; x_wconf 84' lang='lat' dir='ltr'>cuidam</span> 
     </span>
     <span class='ocr_line' id='line_1_10' title="bbox 242 732 1708 784; baseline -0.009 -8"><span class='ocrx_word' id='word_1_84' title='bbox 242 741 400 776; x_wconf 86' lang='lat' dir='ltr'>Isocrati</span> <span class='ocrx_word' id='word_1_85' title='bbox 423 739 649 784; x_wconf 79' lang='lat' dir='ltr'>Apolloniati</span> <span class='ocrx_word' id='word_1_86' title='bbox 674 748 753 772; x_wconf 86' lang='lat' dir='ltr'>eam</span> <span class='ocrx_word' id='word_1_87' title='bbox 779 737 975 770; x_wconf 87' lang='lat' dir='ltr'>orationem</span> <span class='ocrx_word' id='word_1_88' title='bbox 1001 735 1172 777; x_wconf 79' lang='lat' dir='ltr'>assignat,</span> <span class='ocrx_word' id='word_1_89' title='bbox 1204 745 1310 778; x_wconf 84' lang='lat' dir='ltr'>quam</span> <span class='ocrx_word' id='word_1_90' title='bbox 1349 732 1488 766; x_wconf 84' lang='lat' dir='ltr'>Gellius</span> <span class='ocrx_word' id='word_1_91' title='bbox 1521 732 1708 764; x_wconf 80' lang='lat' dir='ltr'>memorat.</span> 
     </span>
     <span class='ocr_line' id='line_1_11' title="bbox 242 786 1710 839; baseline -0.008 -9"><span class='ocrx_word' id='word_1_92' title='bbox 242 794 350 836; x_wconf 76' lang='grc' dir='ltr'>Οὗτος</span> <span class='ocrx_word' id='word_1_93' title='bbox 367 796 398 829; x_wconf 81' lang='grc' dir='ltr'>δὲ</span> <span class='ocrx_word' id='word_1_94' title='bbox 411 796 608 839; x_wconf 77' lang='grc' dir='ltr'>Ἰσοκράτης</span> <span class='ocrx_word' id='word_1_95' title='bbox 626 795 679 826; x_wconf 88' lang='grc' dir='ltr'>καὶ</span> <span class='ocrx_word' id='word_1_96' title='bbox 698 791 966 834; x_wconf 57' lang='grc' dir='ltr'>Θεοδέκτῳωθὲθ</span> <span class='ocrx_word' id='word_1_97' title='bbox 982 789 1157 834; x_wconf 59' lang='lat' dir='ltr'>&amp;sodium-31)</span> <span class='ocrx_word' id='word_1_98' title='bbox 1173 792 1223 833; x_wconf 68' lang='grc' dir='ltr'>τῷ</span> <span class='ocrx_word' id='word_1_99' title='bbox 1238 789 1354 834; x_wconf 79' lang='grc' dir='ltr'>ῥήτορι</span> <span class='ocrx_word' id='word_1_100' title='bbox 1377 790 1432 822; x_wconf 82' lang='grc' dir='ltr'>καὶ</span> <span class='ocrx_word' id='word_1_101' title='bbox 1461 786 1710 831; x_wconf 76' lang='grc' dir='ltr'>τραγῳδιοποιῷ</span> 
     </span>
     <span class='ocr_line' id='line_1_12' title="bbox 242 841 1708 895; baseline -0.009 -9"><span class='ocrx_word' id='word_1_102' title='bbox 242 854 297 886; x_wconf 83' lang='grc' dir='ltr'>καὶ</span> <span class='ocrx_word' id='word_1_103' title='bbox 315 852 506 895; x_wconf 79' lang='grc' dir='ltr'>Θεοπόμπῳ</span> <span class='ocrx_word' id='word_1_104' title='bbox 532 853 580 893; x_wconf 69' lang='grc' dir='ltr'>τῷ</span> <span class='ocrx_word' id='word_1_105' title='bbox 606 850 676 891; x_wconf 84' lang='grc' dir='ltr'>Χίῳ</span> <span class='ocrx_word' id='word_1_106' title='bbox 695 850 765 891; x_wconf 77' lang='grc' dir='ltr'>ἅμα</span> <span class='ocrx_word' id='word_1_107' title='bbox 782 851 827 880; x_wconf 84' lang='grc' dir='ltr'>τῶ</span> <span class='ocrx_word' id='word_1_108' title='bbox 844 846 1030 890; x_wconf 63' lang='grc' dir='ltr'>Ἐρυὲραίῳ</span> <span class='ocrx_word' id='word_1_109' title='bbox 1051 846 1268 889; x_wconf 77' lang='grc' dir='ltr'>Ναυκρατίτῃ</span> <span class='ocrx_word' id='word_1_110' title='bbox 1283 845 1354 887; x_wconf 87' lang='lat' dir='ltr'>(vel</span> <span class='ocrx_word' id='word_1_111' title='bbox 1373 843 1494 887; x_wconf 88' lang='lat' dir='ltr'>potius</span> <span class='ocrx_word' id='word_1_112' title='bbox 1511 841 1708 884; x_wconf 73' lang='grc' dir='ltr'>Ναυκράτῃ,</span> 
     </span>
     <span class='ocr_line' id='line_1_13' title="bbox 240 898 1712 948; baseline -0.009 -7"><span class='ocrx_word' id='word_1_113' title='bbox 240 909 284 941; x_wconf 83' lang='lat' dir='ltr'>ut</span> <span class='ocrx_word' id='word_1_114' title='bbox 297 906 382 940; x_wconf 81' lang='lat' dir='ltr'>alibi</span> <span class='ocrx_word' id='word_1_115' title='bbox 398 904 512 944; x_wconf 84' lang='lat' dir='ltr'>recte)</span> <span class='ocrx_word' id='word_1_116' title='bbox 530 905 752 948; x_wconf 81' lang='grc' dir='ltr'>διηγωνίσατο</span> <span class='ocrx_word' id='word_1_117' title='bbox 770 904 844 946; x_wconf 82' lang='grc' dir='ltr'>περὶ</span> <span class='ocrx_word' id='word_1_118' title='bbox 860 903 974 945; x_wconf 83' lang='grc' dir='ltr'>λόγων</span> <span class='ocrx_word' id='word_1_119' title='bbox 998 901 1042 939; x_wconf 81' lang='grc' dir='ltr'>εἰς</span> <span class='ocrx_word' id='word_1_120' title='bbox 1064 902 1126 933; x_wconf 89' lang='grc' dir='ltr'>τὸν</span> <span class='ocrx_word' id='word_1_121' title='bbox 1141 900 1341 942; x_wconf 84' lang='grc' dir='ltr'>Ἐπιτάφιον</span> <span class='ocrx_word' id='word_1_122' title='bbox 1356 900 1546 931; x_wconf 84' lang='grc' dir='ltr'>Μαυσώλου</span> <span class='ocrx_word' id='word_1_123' title='bbox 1568 898 1626 930; x_wconf 79' lang='grc' dir='ltr'>τοῦ</span> <span class='ocrx_word' id='word_1_124' title='bbox 1640 900 1712 929; x_wconf 83' lang='lat' dir='ltr'>Ka·</span> 
     </span>
     <span class='ocr_line' id='line_1_14' title="bbox 243 951 1711 1005; baseline -0.008 -10"><span class='ocrx_word' id='word_1_125' title='bbox 243 964 314 1005; x_wconf 87' lang='grc' dir='ltr'>ρὸς,</span> <span class='ocrx_word' id='word_1_126' title='bbox 332 959 498 1004; x_wconf 82' lang='grc' dir='ltr'>βασιλέως</span> <span class='ocrx_word' id='word_1_127' title='bbox 513 960 793 1002; x_wconf 69' lang='grc' dir='ltr'>Ἁλικαρνασσοῦ.</span> <span class='ocrx_word' id='word_1_128' title='bbox 845 955 978 989; x_wconf 87' lang='lat' dir='ltr'>Confer</span> <span class='ocrx_word' id='word_1_129' title='bbox 990 954 1148 987; x_wconf 87' lang='lat' dir='ltr'>eundem</span> <span class='ocrx_word' id='word_1_130' title='bbox 1169 953 1204 986; x_wconf 90' lang='lat' dir='ltr'>in</span> <span class='ocrx_word' id='word_1_131' title='bbox 1223 964 1255 987; x_wconf 89' lang='grc' dir='ltr'>ν.</span> <span class='ocrx_word' id='word_1_132' title='bbox 1273 953 1462 993; x_wconf 80' lang='grc' dir='ltr'>θεοδὲκτης.</span> <span class='ocrx_word' id='word_1_133' title='bbox 1513 951 1711 994; x_wconf 82' lang='lat' dir='ltr'>Dionysius</span> 
     </span>
     <span class='ocr_line' id='line_1_15' title="bbox 161 1006 1710 1060; baseline -0.008 -10"><span class='ocrx_word' id='word_1_134' title='bbox 161 1013 222 1042; x_wconf 80' lang='grc'>681</span> <span class='ocrx_word' id='word_1_135' title='bbox 243 1015 402 1060; x_wconf 90' lang='lat' dir='ltr'>denique</span> <span class='ocrx_word' id='word_1_136' title='bbox 419 1013 763 1053; x_wconf 72' lang='lat' dir='ltr'>Halicarrmssensis,</span> <span class='ocrx_word' id='word_1_137' title='bbox 787 1011 850 1056; x_wconf 91' lang='lat' dir='ltr'>qui</span> <span class='ocrx_word' id='word_1_138' title='bbox 876 1011 956 1044; x_wconf 89' lang='lat' dir='ltr'>Art.</span> <span class='ocrx_word' id='word_1_139' title='bbox 986 1010 1136 1043; x_wconf 87' lang='lat' dir='ltr'>Rhetor.</span> <span class='ocrx_word' id='word_1_140' title='bbox 1160 1019 1192 1042; x_wconf 91' lang='lat' dir='ltr'>c.</span> <span class='ocrx_word' id='word_1_141' title='bbox 1218 1010 1253 1041; x_wconf 91' lang='grc'>6.</span> <span class='ocrx_word' id='word_1_142' title='bbox 1285 1006 1557 1050; x_wconf 82' lang='lat' dir='ltr'>Thucydidem,</span> <span class='ocrx_word' id='word_1_143' title='bbox 1585 1006 1710 1040; x_wconf 86' lang='lat' dir='ltr'>Plato-</span> 
     </span>
     <span class='ocr_line' id='line_1_16' title="bbox 240 1057 1709 1115; baseline -0.008 -10"><span class='ocrx_word' id='word_1_144' title='bbox 240 1082 340 1114; x_wconf 87' lang='lat' dir='ltr'>nem,</span> <span class='ocrx_word' id='word_1_145' title='bbox 368 1070 531 1115; x_wconf 85' lang='lat' dir='ltr'>Lysiam,</span> <span class='ocrx_word' id='word_1_146' title='bbox 557 1068 795 1114; x_wconf 83' lang='lat' dir='ltr'>Hyperidem,</span> <span class='ocrx_word' id='word_1_147' title='bbox 822 1065 1122 1105; x_wconf 80' lang='lat' dir='ltr'>Demosthenem,</span> <span class='ocrx_word' id='word_1_148' title='bbox 1138 1057 1315 1107; x_wconf 55' lang='lat' dir='ltr'>&#39;adeoque</span> <span class='ocrx_word' id='word_1_149' title='bbox 1341 1062 1460 1106; x_wconf 88' lang='lat' dir='ltr'>ipsum</span> <span class='ocrx_word' id='word_1_150' title='bbox 1486 1061 1709 1095; x_wconf 84' lang='lat' dir='ltr'>Naucratem</span> 
     </span>
     <span class='ocr_line' id='line_1_17' title="bbox 242 1118 1714 1169; baseline -0.007 -9"><span class='ocrx_word' id='word_1_151' title='bbox 242 1125 417 1160; x_wconf 88' lang='lat' dir='ltr'>Isocratis</span> <span class='ocrx_word' id='word_1_152' title='bbox 434 1125 652 1169; x_wconf 89' lang='lat' dir='ltr'>discipulum</span> <span class='ocrx_word' id='word_1_153' title='bbox 678 1124 745 1167; x_wconf 83' lang='lat' dir='ltr'>(lta</span> <span class='ocrx_word' id='word_1_154' title='bbox 768 1123 864 1156; x_wconf 88' lang='lat' dir='ltr'>enim</span> <span class='ocrx_word' id='word_1_155' title='bbox 882 1122 1039 1164; x_wconf 83' lang='lat' dir='ltr'>legerem</span> <span class='ocrx_word' id='word_1_156' title='bbox 1058 1122 1113 1153; x_wconf 83' lang='grc' dir='ltr'>καὶ</span> <span class='ocrx_word' id='word_1_157' title='bbox 1129 1120 1147 1153; x_wconf 85' lang='grc' dir='ltr'><strong>ὁ</strong></span> <span class='ocrx_word' id='word_1_158' title='bbox 1164 1122 1222 1153; x_wconf 80' lang='grc' dir='ltr'>τοῦ</span> <span class='ocrx_word' id='word_1_159' title='bbox 1239 1119 1463 1163; x_wconf 82' lang='grc' dir='ltr'>Ἰσοκράτους,</span> <span class='ocrx_word' id='word_1_160' title='bbox 1489 1126 1559 1150; x_wconf 89' lang='lat' dir='ltr'>non</span> <span class='ocrx_word' id='word_1_161' title='bbox 1581 1118 1714 1161; x_wconf 82' lang='grc' dir='ltr'>Σωκρά-</span> 
     </span>
     <span class='ocr_line' id='line_1_18' title="bbox 241 1172 1714 1225; baseline -0.005 -10"><span class='ocrx_word' id='word_1_162' title='bbox 241 1194 331 1222; x_wconf 86' lang='grc' dir='ltr'>τους,</span> <span class='ocrx_word' id='word_1_163' title='bbox 343 1183 473 1225; x_wconf 80' lang='grc' dir='ltr'>ὲταῖρος</span> <span class='ocrx_word' id='word_1_164' title='bbox 490 1180 705 1224; x_wconf 83' lang='grc' dir='ltr'>Ναυκράτης,</span> <span class='ocrx_word' id='word_1_165' title='bbox 725 1177 812 1212; x_wconf 88' lang='lat' dir='ltr'>Vid.</span> <span class='ocrx_word' id='word_1_166' title='bbox 832 1177 908 1212; x_wconf 89' lang='lat' dir='ltr'>Cic.</span> <span class='ocrx_word' id='word_1_167' title='bbox 925 1180 956 1210; x_wconf 93' lang='lat' dir='ltr'>l.</span> <span class='ocrx_word' id='word_1_168' title='bbox 975 1176 1019 1209; x_wconf 83' lang='lat' dir='ltr'>dc</span> <span class='ocrx_word' id='word_1_169' title='bbox 1035 1176 1138 1209; x_wconf 86' lang='lat' dir='ltr'>Orat·</span> <span class='ocrx_word' id='word_1_170' title='bbox 1153 1177 1210 1209; x_wconf 83' lang='lat'>23.</span> <span class='ocrx_word' id='word_1_171' title='bbox 1227 1177 1308 1208; x_wconf 69' lang='lat'>244.</span> <span class='ocrx_word' id='word_1_172' title='bbox 1326 1173 1428 1207; x_wconf 83' lang='lat' dir='ltr'>Orat.</span> <span class='ocrx_word' id='word_1_173' title='bbox 1446 1172 1534 1216; x_wconf 72' lang='lat' dir='ltr'>5L),</span> <span class='ocrx_word' id='word_1_174' title='bbox 1548 1176 1714 1207; x_wconf 78' lang='lat' dir='ltr'>auctores</span> 
     </span>
     <span class='ocr_line' id='line_1_19' title="bbox 240 1230 1714 1275; baseline -0.004 -4"><span class='ocrx_word' id='word_1_175' title='bbox 240 1237 450 1271; x_wconf 85' lang='lat' dir='ltr'>funebrium</span> <span class='ocrx_word' id='word_1_176' title='bbox 465 1236 684 1269; x_wconf 82' lang='lat' dir='ltr'>Orationum</span> <span class='ocrx_word' id='word_1_177' title='bbox 714 1235 890 1272; x_wconf 86' lang='lat' dir='ltr'>recenset,</span> <span class='ocrx_word' id='word_1_178' title='bbox 909 1233 984 1273; x_wconf 87' lang='lat' dir='ltr'>vix,</span> <span class='ocrx_word' id='word_1_179' title='bbox 1011 1231 1131 1268; x_wconf 86' lang='lat' dir='ltr'>credo,</span> <span class='ocrx_word' id='word_1_180' title='bbox 1148 1231 1344 1264; x_wconf 74' lang='lat' dir='ltr'>{socratem</span> <span class='ocrx_word' id='word_1_181' title='bbox 1363 1230 1666 1275; x_wconf 64' lang='lat' dir='ltr'>praetermisisset,</span> <span class='ocrx_word' id='word_1_182' title='bbox 1685 1231 1714 1265; x_wconf 92' lang='lat' dir='ltr'>si</span> 
     </span>
     <span class='ocr_line' id='line_1_20' title="bbox 242 1284 1714 1336; baseline -0.005 -11"><span class='ocrx_word' id='word_1_183' title='bbox 242 1291 365 1336; x_wconf 85' lang='lat' dir='ltr'>aliqua</span> <span class='ocrx_word' id='word_1_184' title='bbox 383 1292 429 1325; x_wconf 85' lang='lat' dir='ltr'>de</span> <span class='ocrx_word' id='word_1_185' title='bbox 446 1301 490 1324; x_wconf 90' lang='lat' dir='ltr'>ea</span> <span class='ocrx_word' id='word_1_186' title='bbox 506 1302 545 1324; x_wconf 89' lang='lat' dir='ltr'>re</span> <span class='ocrx_word' id='word_1_187' title='bbox 568 1293 739 1324; x_wconf 82' lang='lat' dir='ltr'>constans</span> <span class='ocrx_word' id='word_1_188' title='bbox 757 1288 930 1322; x_wconf 88' lang='lat' dir='ltr'>valuisset</span> <span class='ocrx_word' id='word_1_189' title='bbox 946 1286 1080 1331; x_wconf 88' lang='lat' dir='ltr'>opinio.</span> <span class='ocrx_word' id='word_1_190' title='bbox 1132 1286 1173 1320; x_wconf 88' lang='lat' dir='ltr'>Si</span> <span class='ocrx_word' id='word_1_191' title='bbox 1197 1285 1289 1318; x_wconf 86' lang='lat' dir='ltr'>desit</span> <span class='ocrx_word' id='word_1_192' title='bbox 1312 1286 1409 1329; x_wconf 92' lang='lat' dir='ltr'>quod</span> <span class='ocrx_word' id='word_1_193' title='bbox 1429 1285 1574 1326; x_wconf 82' lang='lat' dir='ltr'>addam,</span> <span class='ocrx_word' id='word_1_194' title='bbox 1598 1284 1714 1319; x_wconf 91' lang='lat' dir='ltr'>credi-</span> 
     </span>
     <span class='ocr_line' id='line_1_21' title="bbox 241 1340 1715 1390; baseline -0.003 -10"><span class='ocrx_word' id='word_1_195' title='bbox 241 1346 351 1380; x_wconf 90' lang='lat' dir='ltr'>bilius</span> <span class='ocrx_word' id='word_1_196' title='bbox 375 1349 432 1380; x_wconf 91' lang='lat' dir='ltr'>est</span> <span class='ocrx_word' id='word_1_197' title='bbox 450 1346 569 1389; x_wconf 84' lang='lat' dir='ltr'>longe,</span> <span class='ocrx_word' id='word_1_198' title='bbox 587 1348 781 1390; x_wconf 78' lang='lat' dir='ltr'>quaternos</span> <span class='ocrx_word' id='word_1_199' title='bbox 802 1343 973 1377; x_wconf 88' lang='lat' dir='ltr'>Isocratis</span> <span class='ocrx_word' id='word_1_200' title='bbox 990 1342 1188 1386; x_wconf 88' lang='lat' dir='ltr'>discipulos</span> <span class='ocrx_word' id='word_1_201' title='bbox 1204 1342 1304 1385; x_wconf 88' lang='lat' dir='ltr'>(nam</span> <span class='ocrx_word' id='word_1_202' title='bbox 1323 1351 1370 1374; x_wconf 85' lang='lat' dir='ltr'>ex</span> <span class='ocrx_word' id='word_1_203' title='bbox 1387 1340 1516 1374; x_wconf 91' lang='lat' dir='ltr'>eodem</span> <span class='ocrx_word' id='word_1_204' title='bbox 1533 1340 1621 1374; x_wconf 92' lang='lat' dir='ltr'>ludo</span> <span class='ocrx_word' id='word_1_205' title='bbox 1639 1341 1715 1375; x_wconf 86' lang='lat' dir='ltr'>sive</span> 
     </span>
     <span class='ocr_line' id='line_1_22' title="bbox 242 1395 1715 1443; baseline -0.004 -7"><span class='ocrx_word' id='word_1_206' title='bbox 242 1402 386 1436; x_wconf 87' lang='lat' dir='ltr'>officina</span> <span class='ocrx_word' id='word_1_207' title='bbox 397 1401 541 1435; x_wconf 88' lang='lat' dir='ltr'>dicendi</span> <span class='ocrx_word' id='word_1_208' title='bbox 560 1400 731 1434; x_wconf 86' lang='lat' dir='ltr'>exierunt</span> <span class='ocrx_word' id='word_1_209' title='bbox 747 1399 1021 1443; x_wconf 76' lang='lat' dir='ltr'>Theopomqu</span> <span class='ocrx_word' id='word_1_210' title='bbox 1039 1396 1282 1436; x_wconf 83' lang='lat' dir='ltr'>Theodectes,</span> <span class='ocrx_word' id='word_1_211' title='bbox 1303 1395 1508 1429; x_wconf 86' lang='lat' dir='ltr'>Naucrates</span> <span class='ocrx_word' id='word_1_212' title='bbox 1521 1398 1557 1429; x_wconf 91' lang='lat' dir='ltr'>et</span> <span class='ocrx_word' id='word_1_213' title='bbox 1574 1396 1715 1430; x_wconf 86' lang='lat' dir='ltr'>Isocra-</span> 
     </span>
     <span class='ocr_line' id='line_1_23' title="bbox 242 1451 1716 1501; baseline -0.003 -10"><span class='ocrx_word' id='word_1_214' title='bbox 242 1459 298 1491; x_wconf 84' lang='lat' dir='ltr'>tes</span> <span class='ocrx_word' id='word_1_215' title='bbox 327 1455 598 1501; x_wconf 87' lang='lat' dir='ltr'>Apolloniates)</span> <span class='ocrx_word' id='word_1_216' title='bbox 624 1456 717 1489; x_wconf 89' lang='lat' dir='ltr'>inter</span> <span class='ocrx_word' id='word_1_217' title='bbox 748 1465 786 1488; x_wconf 89' lang='lat' dir='ltr'>se</span> <span class='ocrx_word' id='word_1_218' title='bbox 809 1454 944 1498; x_wconf 86' lang='lat' dir='ltr'>ingenii</span> <span class='ocrx_word' id='word_1_219' title='bbox 962 1457 1000 1487; x_wconf 89' lang='lat' dir='ltr'>et</span> <span class='ocrx_word' id='word_1_220' title='bbox 1025 1452 1245 1496; x_wconf 83' lang='lat' dir='ltr'>eloquentiae</span> <span class='ocrx_word' id='word_1_221' title='bbox 1278 1451 1451 1484; x_wconf 77' lang='lat' dir='ltr'>laudibus</span> <span class='ocrx_word' id='word_1_222' title='bbox 1473 1454 1716 1493; x_wconf 83' lang='lat' dir='ltr'>concertasse,</span> 
     </span>
     <span class='ocr_line' id='line_1_24' title="bbox 243 1506 1719 1558; baseline -0.004 -11"><span class='ocrx_word' id='word_1_223' title='bbox 243 1523 356 1558; x_wconf 86' lang='lat' dir='ltr'>quam</span> <span class='ocrx_word' id='word_1_224' title='bbox 374 1511 771 1546; x_wconf 83' lang='lat' dir='ltr'>consummatissimum</span> <span class='ocrx_word' id='word_1_225' title='bbox 796 1510 1033 1553; x_wconf 81' lang='lat' dir='ltr'>Magistrum,</span> <span class='ocrx_word' id='word_1_226' title='bbox 1065 1508 1127 1552; x_wconf 90' lang='lat' dir='ltr'>qui</span> <span class='ocrx_word' id='word_1_227' title='bbox 1155 1507 1253 1541; x_wconf 90' lang='lat' dir='ltr'>vocis</span> <span class='ocrx_word' id='word_1_228' title='bbox 1277 1507 1495 1540; x_wconf 85' lang='lat' dir='ltr'>auctoritate</span> <span class='ocrx_word' id='word_1_229' title='bbox 1521 1509 1558 1540; x_wconf 89' lang='lat' dir='ltr'>et</span> <span class='ocrx_word' id='word_1_230' title='bbox 1571 1506 1719 1551; x_wconf 77' lang='lat' dir='ltr'>forensi</span> 
     </span>
     <span class='ocr_line' id='line_1_25' title="bbox 243 1561 1717 1610; baseline -0.003 -9"><span class='ocrx_word' id='word_1_231' title='bbox 243 1567 317 1602; x_wconf 85' lang='lat' dir='ltr'>luce</span> <span class='ocrx_word' id='word_1_232' title='bbox 340 1577 481 1610; x_wconf 87' lang='lat' dir='ltr'>semper</span> <span class='ocrx_word' id='word_1_233' title='bbox 498 1566 571 1600; x_wconf 86' lang='lat' dir='ltr'>fere</span> <span class='ocrx_word' id='word_1_234' title='bbox 598 1565 751 1599; x_wconf 72' lang='lat' dir='ltr'>caruisse</span> <span class='ocrx_word' id='word_1_235' title='bbox 769 1565 910 1606; x_wconf 86' lang='lat' dir='ltr'>dicitur,</span> <span class='ocrx_word' id='word_1_236' title='bbox 946 1565 992 1598; x_wconf 89' lang='lat' dir='ltr'>ad</span> <span class='ocrx_word' id='word_1_237' title='bbox 1022 1563 1194 1607; x_wconf 85' lang='lat' dir='ltr'>puerilem</span> <span class='ocrx_word' id='word_1_238' title='bbox 1229 1572 1322 1606; x_wconf 90' lang='lat' dir='ltr'>pene</span> <span class='ocrx_word' id='word_1_239' title='bbox 1353 1561 1627 1596; x_wconf 79' lang='lat' dir='ltr'>aemulationem</span> <span class='ocrx_word' id='word_1_240' title='bbox 1655 1562 1717 1596; x_wconf 88' lang='lat' dir='ltr'>dc-</span> 
     </span>
     <span class='ocr_line' id='line_1_26' title="bbox 244 1616 1720 1664; baseline -0.003 -8"><span class='ocrx_word' id='word_1_241' title='bbox 244 1622 429 1657; x_wconf 87' lang='lat' dir='ltr'>scendisse</span> <span class='ocrx_word' id='word_1_242' title='bbox 446 1631 532 1654; x_wconf 91' lang='lat' dir='ltr'>cum</span> <span class='ocrx_word' id='word_1_243' title='bbox 546 1621 602 1661; x_wconf 85' lang='lat' dir='ltr'>iis,</span> <span class='ocrx_word' id='word_1_244' title='bbox 617 1630 708 1664; x_wconf 91' lang='lat' dir='ltr'>quos</span> <span class='ocrx_word' id='word_1_245' title='bbox 723 1621 798 1663; x_wconf 89' lang='lat' dir='ltr'>ipse</span> <span class='ocrx_word' id='word_1_246' title='bbox 816 1619 1084 1652; x_wconf 82' lang='lat' dir='ltr'>informaverat.</span> <span class='ocrx_word' id='word_1_247' title='bbox 1135 1617 1229 1650; x_wconf 90' lang='lat' dir='ltr'>Eam</span> <span class='ocrx_word' id='word_1_248' title='bbox 1259 1617 1293 1649; x_wconf 94' lang='lat' dir='ltr'>in</span> <span class='ocrx_word' id='word_1_249' title='bbox 1319 1616 1481 1650; x_wconf 86' lang='lat' dir='ltr'>Isocrate</span> <span class='ocrx_word' id='word_1_250' title='bbox 1500 1616 1644 1650; x_wconf 89' lang='lat' dir='ltr'>dicendi</span> <span class='ocrx_word' id='word_1_251' title='bbox 1666 1619 1720 1651; x_wconf 92' lang='lat' dir='ltr'>in-</span> 
     </span>
     <span class='ocr_line' id='line_1_27' title="bbox 244 1672 1718 1727; baseline -0.003 -16"><span class='ocrx_word' id='word_1_252' title='bbox 244 1677 488 1722; x_wconf 86' lang='lat' dir='ltr'>frequentiam</span> <span class='ocrx_word' id='word_1_253' title='bbox 516 1677 672 1708; x_wconf 86' lang='lat' dir='ltr'>testatur</span> <span class='ocrx_word' id='word_1_254' title='bbox 696 1675 837 1715; x_wconf 90' lang='lat' dir='ltr'>Cicero,</span> <span class='ocrx_word' id='word_1_255' title='bbox 866 1674 972 1716; x_wconf 84' lang='lat' dir='ltr'>cujus</span> <span class='ocrx_word' id='word_1_256' title='bbox 997 1683 1092 1727; x_wconf 78' lang='lat' dir='ltr'>pene</span> <span class='ocrx_word' id='word_1_257' title='bbox 1117 1673 1236 1705; x_wconf 87' lang='lat' dir='ltr'>verbis</span> <span class='ocrx_word' id='word_1_258' title='bbox 1267 1674 1357 1711; x_wconf 85' lang='lat' dir='ltr'>utor,</span> <span class='ocrx_word' id='word_1_259' title='bbox 1385 1675 1421 1705; x_wconf 88' lang='lat' dir='ltr'>et</span> <span class='ocrx_word' id='word_1_260' title='bbox 1448 1672 1599 1706; x_wconf 89' lang='lat' dir='ltr'>Photius</span> <span class='ocrx_word' id='word_1_261' title='bbox 1626 1672 1718 1707; x_wconf 86' lang='lat' dir='ltr'>Cod.</span> 
     </span>
     <span class='ocr_line' id='line_1_28' title="bbox 243 1727 1721 1777; baseline -0.003 -10"><span class='ocrx_word' id='word_1_262' title='bbox 243 1732 403 1767; x_wconf 82' lang='lat' dir='ltr'><strong>CCLX.</strong></span> <span class='ocrx_word' id='word_1_263' title='bbox 423 1728 531 1770; x_wconf 73' lang='grc' dir='ltr'>Οὗτος</span> <span class='ocrx_word' id='word_1_264' title='bbox 547 1727 764 1777; x_wconf 81' lang='lat' dir='ltr'>[Isocrates]</span> <span class='ocrx_word' id='word_1_265' title='bbox 798 1731 883 1773; x_wconf 89' lang='grc' dir='ltr'>πρὸς</span> <span class='ocrx_word' id='word_1_266' title='bbox 898 1731 959 1761; x_wconf 88' lang='grc' dir='ltr'>τὸν</span> <span class='ocrx_word' id='word_1_267' title='bbox 977 1728 1295 1771; x_wconf 80' lang='grc' dir='ltr'>διαπυνθανόμενον</span> <span class='ocrx_word' id='word_1_268' title='bbox 1321 1727 1374 1760; x_wconf 74' lang='grc' dir='ltr'>διὰ</span> <span class='ocrx_word' id='word_1_269' title='bbox 1402 1729 1434 1761; x_wconf 87' lang='grc' dir='ltr'>τί</span> <span class='ocrx_word' id='word_1_270' title='bbox 1457 1731 1504 1772; x_wconf 80' lang='grc' dir='ltr'>μὴ</span> <span class='ocrx_word' id='word_1_271' title='bbox 1529 1729 1636 1762; x_wconf 65' lang='lat' dir='ltr'>&amp;vva</span> <span class='ocrx_word' id='word_1_272' title='bbox 1648 1732 1721 1769; x_wconf 86' lang='grc' dir='ltr'>τὸς</span> 
     </span>
     <span class='ocr_line' id='line_1_29' title="bbox 243 1783 1721 1831; baseline -0.002 -11"><span class='ocrx_word' id='word_1_273' title='bbox 243 1789 298 1822; x_wconf 82' lang='grc' dir='ltr'>ὢν</span> <span class='ocrx_word' id='word_1_274' title='bbox 325 1788 343 1820; x_wconf 83' lang='grc' dir='ltr'><em>δ</em></span> <span class='ocrx_word' id='word_1_275' title='bbox 354 1802 374 1828; x_wconf 90' lang='grc' dir='ltr'>η</span> <span class='ocrx_word' id='word_1_276' title='bbox 385 1801 407 1831; x_wconf 91' lang='grc' dir='ltr'>μ</span> <span class='ocrx_word' id='word_1_277' title='bbox 419 1801 438 1827; x_wconf 89' lang='grc' dir='ltr'>η</span> <span class='ocrx_word' id='word_1_278' title='bbox 450 1801 471 1830; x_wconf 85' lang='grc' dir='ltr'><em>γ</em></span> <span class='ocrx_word' id='word_1_279' title='bbox 481 1800 498 1819; x_wconf 94' lang='grc' dir='ltr'>ο</span> <span class='ocrx_word' id='word_1_280' title='bbox 508 1800 549 1830; x_wconf 82' lang='grc' dir='ltr'>ρε</span> <span class='ocrx_word' id='word_1_281' title='bbox 560 1790 573 1818; x_wconf 86' lang='grc' dir='ltr'>ἶ</span> <span class='ocrx_word' id='word_1_282' title='bbox 585 1800 606 1819; x_wconf 88' lang='grc' dir='ltr'>ν</span> <span class='ocrx_word' id='word_1_283' title='bbox 631 1786 759 1824; x_wconf 81' lang='grc' dir='ltr'>ἄλλους</span> <span class='ocrx_word' id='word_1_284' title='bbox 773 1787 859 1817; x_wconf 78' lang='grc' dir='ltr'>ποιεῖ</span> <span class='ocrx_word' id='word_1_285' title='bbox 876 1784 1098 1827; x_wconf 80' lang='grc' dir='ltr'>δημηγόρους,</span> <span class='ocrx_word' id='word_1_286' title='bbox 1117 1783 1168 1815; x_wconf 84' lang='grc' dir='ltr'>ὅτι</span> <span class='ocrx_word' id='word_1_287' title='bbox 1184 1784 1237 1814; x_wconf 75' lang='grc' dir='ltr'>καὶ</span> <span class='ocrx_word' id='word_1_288' title='bbox 1258 1783 1291 1814; x_wconf 83' lang='grc' dir='ltr'>αἱ</span> <span class='ocrx_word' id='word_1_289' title='bbox 1304 1783 1436 1825; x_wconf 83' lang='grc' dir='ltr'>ἀκόναι,</span> <span class='ocrx_word' id='word_1_290' title='bbox 1456 1783 1527 1826; x_wconf 76' lang='grc' dir='ltr'>ἔφη,</span> <span class='ocrx_word' id='word_1_291' title='bbox 1544 1785 1645 1817; x_wconf 83' lang='grc' dir='ltr'>αὐταὶ</span> <span class='ocrx_word' id='word_1_292' title='bbox 1657 1787 1721 1829; x_wconf 78' lang='grc' dir='ltr'>μὲν</span> 
     </span>
     <span class='ocr_line' id='line_1_30' title="bbox 244 1836 1718 1887; baseline -0.002 -11"><span class='ocrx_word' id='word_1_293' title='bbox 244 1843 378 1887; x_wconf 75' lang='grc' dir='ltr'>τίμνειν</span> <span class='ocrx_word' id='word_1_294' title='bbox 395 1844 433 1875; x_wconf 88' lang='grc' dir='ltr'>οὐ</span> <span class='ocrx_word' id='word_1_295' title='bbox 457 1842 635 1880; x_wconf 80' lang='grc' dir='ltr'>δύνανται,</span> <span class='ocrx_word' id='word_1_296' title='bbox 661 1843 723 1873; x_wconf 85' lang='grc' dir='ltr'>τὸν</span> <span class='ocrx_word' id='word_1_297' title='bbox 747 1840 779 1871; x_wconf 79' lang='grc' dir='ltr'>δὲ</span> <span class='ocrx_word' id='word_1_298' title='bbox 810 1839 947 1882; x_wconf 82' lang='grc' dir='ltr'>σίδηρον</span> <span class='ocrx_word' id='word_1_299' title='bbox 977 1839 1141 1882; x_wconf 83' lang='grc' dir='ltr'>τμητικὸν</span> <span class='ocrx_word' id='word_1_300' title='bbox 1171 1839 1314 1870; x_wconf 85' lang='grc' dir='ltr'>ποιοῦσι.</span> <span class='ocrx_word' id='word_1_301' title='bbox 1364 1836 1582 1880; x_wconf 68' lang='lat' dir='ltr'>Porphyrius</span> <span class='ocrx_word' id='word_1_302' title='bbox 1595 1841 1718 1873; x_wconf 78' lang='lat' dir='ltr'>tamen</span> 
     </span>
     <span class='ocr_line' id='line_1_31' title="bbox 244 1890 1720 1941; baseline -0.002 -10"><span class='ocrx_word' id='word_1_303' title='bbox 244 1899 345 1941; x_wconf 81' lang='lat' dir='ltr'>apud</span> <span class='ocrx_word' id='word_1_304' title='bbox 362 1895 566 1930; x_wconf 86' lang='lat' dir='ltr'>Eusebium</span> <span class='ocrx_word' id='word_1_305' title='bbox 593 1896 753 1939; x_wconf 87' lang='lat' dir='ltr'>Praepar.</span> <span class='ocrx_word' id='word_1_306' title='bbox 771 1893 952 1937; x_wconf 85' lang='lat' dir='ltr'>Evangel.</span> <span class='ocrx_word' id='word_1_307' title='bbox 975 1894 999 1926; x_wconf 92' lang='lat' dir='ltr'>l.</span> <span class='ocrx_word' id='word_1_308' title='bbox 1028 1895 1084 1925; x_wconf 87' lang='lat'>10.</span> <span class='ocrx_word' id='word_1_309' title='bbox 1114 1891 1241 1925; x_wconf 88' lang='lat' dir='ltr'>scribit</span> <span class='ocrx_word' id='word_1_310' title='bbox 1265 1892 1412 1924; x_wconf 82' lang='lat' dir='ltr'>solitum</span> <span class='ocrx_word' id='word_1_311' title='bbox 1444 1890 1552 1926; x_wconf 88' lang='lat' dir='ltr'>fuisse</span> <span class='ocrx_word' id='word_1_312' title='bbox 1578 1893 1720 1936; x_wconf 81' lang='lat' dir='ltr'>gloriari</span> 
     </span>
     <span class='ocr_line' id='line_1_32' title="bbox 245 1945 1722 1996; baseline -0.003 -9"><span class='ocrx_word' id='word_1_313' title='bbox 245 1953 539 1996; x_wconf 86' lang='lat' dir='ltr'>Theopompum,</span> <span class='ocrx_word' id='word_1_314' title='bbox 554 1952 816 1994; x_wconf 78' lang='lat' dir='ltr'>praeceptorem</span> <span class='ocrx_word' id='word_1_315' title='bbox 833 1960 853 1982; x_wconf 88' lang='lat' dir='ltr'>a</span> <span class='ocrx_word' id='word_1_316' title='bbox 871 1959 909 1982; x_wconf 88' lang='lat' dir='ltr'>se</span> <span class='ocrx_word' id='word_1_317' title='bbox 928 1947 1103 1992; x_wconf 88' lang='lat' dir='ltr'>superari.</span> <span class='ocrx_word' id='word_1_318' title='bbox 1145 1945 1261 1980; x_wconf 89' lang='lat' dir='ltr'>Mitto</span> <span class='ocrx_word' id='word_1_319' title='bbox 1279 1946 1453 1980; x_wconf 84' lang='lat' dir='ltr'>Isocratis</span> <span class='ocrx_word' id='word_1_320' title='bbox 1471 1949 1647 1992; x_wconf 79' lang='grc' dir='ltr'>ἐπιτάφιον</span> <span class='ocrx_word' id='word_1_321' title='bbox 1663 1952 1722 1984; x_wconf 87' lang='grc' dir='ltr'>λό-</span> 
     </span>
     <span class='ocr_line' id='line_1_33' title="bbox 247 2002 1719 2052; baseline -0.001 -12"><span class='ocrx_word' id='word_1_322' title='bbox 247 2021 325 2052; x_wconf 82' lang='grc' dir='ltr'>γον,</span> <span class='ocrx_word' id='word_1_323' title='bbox 343 2016 453 2050; x_wconf 89' lang='lat' dir='ltr'>quem</span> <span class='ocrx_word' id='word_1_324' title='bbox 471 2005 508 2038; x_wconf 92' lang='lat' dir='ltr'>in</span> <span class='ocrx_word' id='word_1_325' title='bbox 526 2004 698 2038; x_wconf 90' lang='lat' dir='ltr'>honorem</span> <span class='ocrx_word' id='word_1_326' title='bbox 717 2003 896 2046; x_wconf 85' lang='lat' dir='ltr'>Evagorae</span> <span class='ocrx_word' id='word_1_327' title='bbox 912 2003 1053 2043; x_wconf 84' lang='lat' dir='ltr'>habuit,</span> <span class='ocrx_word' id='word_1_328' title='bbox 1069 2012 1152 2035; x_wconf 85' lang='lat' dir='ltr'>cum</span> <span class='ocrx_word' id='word_1_329' title='bbox 1173 2012 1245 2035; x_wconf 89' lang='lat' dir='ltr'>non</span> <span class='ocrx_word' id='word_1_330' title='bbox 1258 2002 1306 2035; x_wconf 86' lang='lat' dir='ltr'>sit</span> <span class='ocrx_word' id='word_1_331' title='bbox 1319 2002 1455 2045; x_wconf 87' lang='lat' dir='ltr'>publici</span> <span class='ocrx_word' id='word_1_332' title='bbox 1472 2002 1640 2045; x_wconf 90' lang='lat' dir='ltr'>instituti,</span> <span class='ocrx_word' id='word_1_333' title='bbox 1655 2015 1719 2039; x_wconf 83' lang='lat' dir='ltr'>ne-</span> 
     </span>
     <span class='ocr_line' id='line_1_34' title="bbox 246 2058 1721 2109; baseline -0.001 -11"><span class='ocrx_word' id='word_1_334' title='bbox 246 2075 318 2109; x_wconf 91' lang='lat' dir='ltr'>que</span> <span class='ocrx_word' id='word_1_335' title='bbox 336 2074 384 2097; x_wconf 84' lang='lat' dir='ltr'>ex</span> <span class='ocrx_word' id='word_1_336' title='bbox 403 2073 447 2097; x_wconf 92' lang='lat' dir='ltr'>eo</span> <span class='ocrx_word' id='word_1_337' title='bbox 465 2072 596 2106; x_wconf 84' lang='lat' dir='ltr'>genere</span> <span class='ocrx_word' id='word_1_338' title='bbox 622 2061 874 2103; x_wconf 82' lang='lat' dir='ltr'>laudationum</span> <span class='ocrx_word' id='word_1_339' title='bbox 895 2060 1121 2101; x_wconf 78' lang='lat' dir='ltr'>Graecarum,</span> <span class='ocrx_word' id='word_1_340' title='bbox 1141 2069 1233 2103; x_wconf 82' lang='lat' dir='ltr'>quas</span> <span class='ocrx_word' id='word_1_341' title='bbox 1251 2058 1287 2091; x_wconf 90' lang='lat' dir='ltr'>in</span> <span class='ocrx_word' id='word_1_342' title='bbox 1320 2058 1387 2092; x_wconf 90' lang='lat' dir='ltr'>hoc</span> <span class='ocrx_word' id='word_1_343' title='bbox 1412 2060 1492 2093; x_wconf 89' lang='lat' dir='ltr'>loco</span> <span class='ocrx_word' id='word_1_344' title='bbox 1509 2063 1721 2104; x_wconf 82' lang='lat' dir='ltr'>pertractari</span> 
     </span>
     <span class='ocr_line' id='line_1_35' title="bbox 245 2113 1720 2161; baseline -0.001 -9"><span class='ocrx_word' id='word_1_345' title='bbox 245 2119 369 2160; x_wconf 84' lang='lat' dir='ltr'>velim,</span> <span class='ocrx_word' id='word_1_346' title='bbox 385 2117 590 2161; x_wconf 86' lang='lat' dir='ltr'>eademque</span> <span class='ocrx_word' id='word_1_347' title='bbox 609 2116 655 2150; x_wconf 91' lang='lat' dir='ltr'>de</span> <span class='ocrx_word' id='word_1_348' title='bbox 674 2126 799 2156; x_wconf 87' lang='lat' dir='ltr'>causa,</span> <span class='ocrx_word' id='word_1_349' title='bbox 815 2126 925 2160; x_wconf 90' lang='lat' dir='ltr'>quem</span> <span class='ocrx_word' id='word_1_350' title='bbox 943 2115 979 2148; x_wconf 90' lang='lat' dir='ltr'>in</span> <span class='ocrx_word' id='word_1_351' title='bbox 995 2115 1164 2148; x_wconf 87' lang='lat' dir='ltr'>honorem</span> <span class='ocrx_word' id='word_1_352' title='bbox 1181 2113 1346 2147; x_wconf 88' lang='lat' dir='ltr'>Hermiae</span> <span class='ocrx_word' id='word_1_353' title='bbox 1363 2115 1568 2159; x_wconf 90' lang='lat' dir='ltr'>composuit</span> <span class='ocrx_word' id='word_1_354' title='bbox 1581 2116 1720 2151; x_wconf 90' lang='lat' dir='ltr'>Aristo-</span> 
     </span>
     <span class='ocr_line' id='line_1_36' title="bbox 245 2168 1721 2217; baseline -0.001 -10"><span class='ocrx_word' id='word_1_355' title='bbox 245 2174 348 2216; x_wconf 90' lang='lat' dir='ltr'>teles,</span> <span class='ocrx_word' id='word_1_356' title='bbox 367 2175 409 2207; x_wconf 89' lang='lat' dir='ltr'>ut</span> <span class='ocrx_word' id='word_1_357' title='bbox 425 2172 539 2217; x_wconf 88' lang='lat' dir='ltr'>liquet</span> <span class='ocrx_word' id='word_1_358' title='bbox 562 2182 610 2206; x_wconf 87' lang='lat' dir='ltr'>ex</span> <span class='ocrx_word' id='word_1_359' title='bbox 629 2171 812 2205; x_wconf 85' lang='lat' dir='ltr'>Athenaeo</span> <span class='ocrx_word' id='word_1_360' title='bbox 831 2171 852 2204; x_wconf 87' lang='grc' dir='ltr'>Ι.</span> <span class='ocrx_word' id='word_1_361' title='bbox 871 2171 927 2204; x_wconf 80' lang='grc'>15.</span> <span class='ocrx_word' id='word_1_362' title='bbox 975 2169 1054 2203; x_wconf 87' lang='lat' dir='ltr'>Con</span> <span class='ocrx_word' id='word_1_363' title='bbox 1063 2168 1244 2213; x_wconf 88' lang='lat' dir='ltr'>scripsisse</span> <span class='ocrx_word' id='word_1_364' title='bbox 1261 2169 1461 2202; x_wconf 89' lang='lat' dir='ltr'>orationem</span> <span class='ocrx_word' id='word_1_365' title='bbox 1479 2168 1667 2205; x_wconf 85' lang='lat' dir='ltr'>funebrem</span> <span class='ocrx_word' id='word_1_366' title='bbox 1683 2172 1721 2206; x_wconf 89' lang='lat' dir='ltr'>in</span> 
     </span>
     <span class='ocr_line' id='line_1_37' title="bbox 248 2223 1721 2275; baseline -0.002 -11"><span class='ocrx_word' id='word_1_367' title='bbox 248 2241 322 2272; x_wconf 90' lang='lat' dir='ltr'>eos,</span> <span class='ocrx_word' id='word_1_368' title='bbox 346 2229 408 2275; x_wconf 91' lang='lat' dir='ltr'>qui</span> <span class='ocrx_word' id='word_1_369' title='bbox 435 2230 483 2263; x_wconf 86' lang='lat' dir='ltr'>ad</span> <span class='ocrx_word' id='word_1_370' title='bbox 514 2228 754 2262; x_wconf 70' lang='lat' dir='ltr'>Chaeroneam</span> <span class='ocrx_word' id='word_1_371' title='bbox 786 2230 822 2262; x_wconf 90' lang='lat' dir='ltr'>in</span> <span class='ocrx_word' id='word_1_372' title='bbox 837 2226 970 2271; x_wconf 88' lang='lat' dir='ltr'>proelio</span> <span class='ocrx_word' id='word_1_373' title='bbox 997 2225 1210 2259; x_wconf 85' lang='lat' dir='ltr'>ceciderunt</span> <span class='ocrx_word' id='word_1_374' title='bbox 1227 2223 1513 2259; x_wconf 89' lang='lat' dir='ltr'>Demosthenem</span> <span class='ocrx_word' id='word_1_375' title='bbox 1533 2227 1595 2260; x_wconf 84' lang='grc' dir='ltr'>τὸν</span> <span class='ocrx_word' id='word_1_376' title='bbox 1612 2227 1721 2271; x_wconf 79' lang='grc' dir='ltr'>πάνυ,</span> 
     </span>
     <span class='ocr_line' id='line_1_38' title="bbox 246 2279 1721 2328; baseline -0.003 -9"><span class='ocrx_word' id='word_1_377' title='bbox 246 2289 284 2319; x_wconf 84' lang='lat' dir='ltr'>et</span> <span class='ocrx_word' id='word_1_378' title='bbox 300 2296 348 2319; x_wconf 87' lang='lat' dir='ltr'>ex</span> <span class='ocrx_word' id='word_1_379' title='bbox 367 2283 567 2318; x_wconf 86' lang='lat' dir='ltr'>Plutarcho</span> <span class='ocrx_word' id='word_1_380' title='bbox 581 2283 708 2328; x_wconf 88' lang='lat' dir='ltr'>liquet,</span> <span class='ocrx_word' id='word_1_381' title='bbox 725 2285 763 2316; x_wconf 89' lang='lat' dir='ltr'>et</span> <span class='ocrx_word' id='word_1_382' title='bbox 778 2293 828 2317; x_wconf 83' lang='lat' dir='ltr'>ex</span> <span class='ocrx_word' id='word_1_383' title='bbox 846 2280 1106 2315; x_wconf 88' lang='lat' dir='ltr'>Demosthenis</span> <span class='ocrx_word' id='word_1_384' title='bbox 1118 2281 1228 2314; x_wconf 89' lang='lat' dir='ltr'>etiam</span> <span class='ocrx_word' id='word_1_385' title='bbox 1246 2279 1357 2324; x_wconf 90' lang='lat' dir='ltr'>ipsius</span> <span class='ocrx_word' id='word_1_386' title='bbox 1370 2280 1588 2314; x_wconf 84' lang='lat' dir='ltr'>auctoritate</span> <span class='ocrx_word' id='word_1_387' title='bbox 1606 2281 1721 2315; x_wconf 86' lang='lat' dir='ltr'>abun-</span> 
     </span>
     <span class='ocr_line' id='line_1_39' title="bbox 247 2334 1722 2380; baseline -0.003 -6"><span class='ocrx_word' id='word_1_388' title='bbox 247 2339 293 2374; x_wconf 90' lang='lat' dir='ltr'>de</span> <span class='ocrx_word' id='word_1_389' title='bbox 310 2340 559 2373; x_wconf 79' lang='lat' dir='ltr'>confirmatur.</span> <span class='ocrx_word' id='word_1_390' title='bbox 609 2338 804 2372; x_wconf 88' lang='lat' dir='ltr'>Intercidit</span> <span class='ocrx_word' id='word_1_391' title='bbox 821 2347 918 2376; x_wconf 80' lang='lat' dir='ltr'>vem,</span> <span class='ocrx_word' id='word_1_392' title='bbox 937 2346 1054 2380; x_wconf 88' lang='lat' dir='ltr'>neque</span> <span class='ocrx_word' id='word_1_393' title='bbox 1078 2346 1135 2377; x_wconf 82' lang='lat' dir='ltr'>ea,</span> <span class='ocrx_word' id='word_1_394' title='bbox 1161 2346 1243 2379; x_wconf 79' lang='lat' dir='ltr'>quae</span> <span class='ocrx_word' id='word_1_395' title='bbox 1262 2335 1298 2368; x_wconf 90' lang='lat' dir='ltr'>in</span> <span class='ocrx_word' id='word_1_396' title='bbox 1316 2335 1437 2368; x_wconf 87' lang='lat' dir='ltr'>Editis</span> <span class='ocrx_word' id='word_1_397' title='bbox 1466 2334 1722 2370; x_wconf 86' lang='lat' dir='ltr'>Demosthenis</span> 
     </span>
     <span class='ocr_line' id='line_1_40' title="bbox 248 2391 1715 2434; baseline -0.001 -7"><span class='ocrx_word' id='word_1_398' title='bbox 248 2394 471 2428; x_wconf 87' lang='lat' dir='ltr'>orationibus</span> <span class='ocrx_word' id='word_1_399' title='bbox 499 2395 620 2428; x_wconf 88' lang='lat' dir='ltr'>locum</span> <span class='ocrx_word' id='word_1_400' title='bbox 648 2393 867 2427; x_wconf 90' lang='lat' dir='ltr'>XXIIdum</span> <span class='ocrx_word' id='word_1_401' title='bbox 885 2393 1053 2434; x_wconf 83' lang='lat' dir='ltr'>occupat,</span> <span class='ocrx_word' id='word_1_402' title='bbox 1071 2393 1171 2424; x_wconf 83' lang='lat' dir='ltr'>tanto</span> <span class='ocrx_word' id='word_1_403' title='bbox 1197 2391 1333 2424; x_wconf 91' lang='lat' dir='ltr'>nomini</span> <span class='ocrx_word' id='word_1_404' title='bbox 1351 2393 1486 2423; x_wconf 90' lang='lat' dir='ltr'>temere</span> <span class='ocrx_word' id='word_1_405' title='bbox 1509 2394 1565 2424; x_wconf 85' lang='lat' dir='ltr'>est</span> <span class='ocrx_word' id='word_1_406' title='bbox 1581 2391 1715 2425; x_wconf 84' lang='lat' dir='ltr'>adscri-</span> 
     </span>
     <span class='ocr_line' id='line_1_41' title="bbox 248 2444 1716 2490; baseline -0.002 -7"><span class='ocrx_word' id='word_1_407' title='bbox 248 2448 381 2483; x_wconf 92' lang='lat' dir='ltr'>benda.</span> <span class='ocrx_word' id='word_1_408' title='bbox 430 2448 527 2482; x_wconf 89' lang='lat' dir='ltr'>Eam</span> <span class='ocrx_word' id='word_1_409' title='bbox 556 2447 721 2482; x_wconf 85' lang='lat' dir='ltr'>confodit</span> <span class='ocrx_word' id='word_1_410' title='bbox 756 2448 841 2481; x_wconf 93' lang='lat' dir='ltr'>olim</span> <span class='ocrx_word' id='word_1_411' title='bbox 867 2447 1065 2490; x_wconf 82' lang='lat' dir='ltr'>Dionysius</span> <span class='ocrx_word' id='word_1_412' title='bbox 1091 2445 1436 2486; x_wconf 79' lang='lat' dir='ltr'>Halicarnassensis‚</span> <span class='ocrx_word' id='word_1_413' title='bbox 1466 2444 1646 2479; x_wconf 88' lang='lat' dir='ltr'>Libanius</span> <span class='ocrx_word' id='word_1_414' title='bbox 1677 2449 1716 2480; x_wconf 90' lang='lat' dir='ltr'>et</span> 
     </span>
     <span class='ocr_line' id='line_1_42' title="bbox 248 2501 1723 2548; baseline -0.002 -11"><span class='ocrx_word' id='word_1_415' title='bbox 248 2503 415 2546; x_wconf 76' lang='lat' dir='ltr'>PhotiuS,</span> <span class='ocrx_word' id='word_1_416' title='bbox 434 2504 621 2548; x_wconf 84' lang='lat' dir='ltr'>ceterique</span> <span class='ocrx_word' id='word_1_417' title='bbox 633 2503 782 2547; x_wconf 84' lang='lat' dir='ltr'>judices</span> <span class='ocrx_word' id='word_1_418' title='bbox 800 2501 1018 2537; x_wconf 79' lang='lat' dir='ltr'>acutissimi:</span> <span class='ocrx_word' id='word_1_419' title='bbox 1045 2504 1198 2546; x_wconf 86' lang='grc' dir='ltr'>φορτικὸς</span> <span class='ocrx_word' id='word_1_420' title='bbox 1214 2503 1269 2534; x_wconf 85' lang='grc' dir='ltr'>καὶ</span> <span class='ocrx_word' id='word_1_421' title='bbox 1290 2503 1387 2540; x_wconf 88' lang='grc' dir='ltr'>κενὸς</span> <span class='ocrx_word' id='word_1_422' title='bbox 1415 2503 1470 2533; x_wconf 88' lang='grc' dir='ltr'>καὶ</span> <span class='ocrx_word' id='word_1_423' title='bbox 1492 2501 1723 2546; x_wconf 80' lang='grc' dir='ltr'>παιδαριώδης</span> 
     </span>
     <span class='ocr_line' id='line_1_43' title="bbox 256 2555 1723 2602; baseline 0 -10"><span class='ocrx_word' id='word_1_424' title='bbox 256 2559 441 2602; x_wconf 82' lang='grc' dir='ltr'>Επιτάφιος</span> <span class='ocrx_word' id='word_1_425' title='bbox 460 2558 637 2602; x_wconf 90' lang='lat' dir='ltr'>Dionysio</span> <span class='ocrx_word' id='word_1_426' title='bbox 655 2558 801 2599; x_wconf 67' lang='lat' dir='ltr'>dicitur,</span> <span class='ocrx_word' id='word_1_427' title='bbox 824 2556 887 2602; x_wconf 81' lang='lat' dir='ltr'>qui</span> <span class='ocrx_word' id='word_1_428' title='bbox 906 2567 1024 2591; x_wconf 88' lang='lat' dir='ltr'>meam</span> <span class='ocrx_word' id='word_1_429' title='bbox 1042 2557 1151 2590; x_wconf 83' lang='lat' dir='ltr'>fidem</span> <span class='ocrx_word' id='word_1_430' title='bbox 1175 2567 1246 2590; x_wconf 91' lang='lat' dir='ltr'>non</span> <span class='ocrx_word' id='word_1_431' title='bbox 1265 2567 1360 2599; x_wconf 85' lang='lat' dir='ltr'>aegre</span> <span class='ocrx_word' id='word_1_432' title='bbox 1375 2555 1597 2599; x_wconf 84' lang='lat' dir='ltr'>impetrabit.</span> <span class='ocrx_word' id='word_1_433' title='bbox 1647 2557 1723 2592; x_wconf 89' lang='lat' dir='ltr'>Ve-</span> 
     </span>
     <span class='ocr_line' id='line_1_44' title="bbox 258 2610 1721 2656; baseline -0.001 -9"><span class='ocrx_word' id='word_1_434' title='bbox 258 2623 397 2648; x_wconf 87' lang='lat' dir='ltr'>rumne</span> <span class='ocrx_word' id='word_1_435' title='bbox 415 2612 631 2646; x_wconf 87' lang='lat' dir='ltr'>auctoritate</span> <span class='ocrx_word' id='word_1_436' title='bbox 643 2613 759 2656; x_wconf 84' lang='lat' dir='ltr'>magis</span> <span class='ocrx_word' id='word_1_437' title='bbox 777 2612 875 2653; x_wconf 85' lang='lat' dir='ltr'>duci,</span> <span class='ocrx_word' id='word_1_438' title='bbox 893 2622 1004 2656; x_wconf 88' lang='lat' dir='ltr'>quam</span> <span class='ocrx_word' id='word_1_439' title='bbox 1021 2612 1112 2645; x_wconf 88' lang='lat' dir='ltr'>veris</span> <span class='ocrx_word' id='word_1_440' title='bbox 1130 2611 1223 2645; x_wconf 87' lang='lat' dir='ltr'>vinci</span> <span class='ocrx_word' id='word_1_441' title='bbox 1238 2610 1433 2651; x_wconf 85' lang='lat' dir='ltr'>videamur,</span> <span class='ocrx_word' id='word_1_442' title='bbox 1451 2610 1657 2646; x_wconf 82' lang='lat' dir='ltr'>excitemus</span> <span class='ocrx_word' id='word_1_443' title='bbox 1674 2621 1721 2646; x_wconf 88' lang='lat' dir='ltr'>ex</span> 
     </span>
     <span class='ocr_line' id='line_1_45' title="bbox 250 2667 736 2711; baseline -0.004 -9"><span class='ocrx_word' id='word_1_444' title='bbox 250 2668 334 2709; x_wconf 71' lang='lat' dir='ltr'>,suis</span> <span class='ocrx_word' id='word_1_445' title='bbox 350 2667 496 2702; x_wconf 88' lang='lat' dir='ltr'>latebris</span> <span class='ocrx_word' id='word_1_446' title='bbox 513 2667 736 2711; x_wconf 88' lang='lat' dir='ltr'>Sophistam‚</span> 
     </span>
     <span class='ocr_line' id='line_1_46' title="bbox 494 2718 1492 2766; baseline -0.004 -11"><span class='ocrx_word' id='word_1_447' title='bbox 494 2721 703 2766; x_wconf 88' lang='lat' dir='ltr'>“Namque</span> <span class='ocrx_word' id='word_1_448' title='bbox 720 2721 786 2754; x_wconf 91' lang='lat' dir='ltr'>hoc</span> <span class='ocrx_word' id='word_1_449' title='bbox 801 2722 934 2756; x_wconf 88' lang='lat' dir='ltr'>inclusi</span> <span class='ocrx_word' id='word_1_450' title='bbox 952 2722 1050 2764; x_wconf 85' lang='lat' dir='ltr'>ligno</span> <span class='ocrx_word' id='word_1_451' title='bbox 1073 2720 1303 2753; x_wconf 86' lang='lat' dir='ltr'>occultantur</span> <span class='ocrx_word' id='word_1_452' title='bbox 1321 2718 1350 2752; x_wconf 82' lang='lat' dir='ltr'><strong>A</strong></span> <span class='ocrx_word' id='word_1_453' title='bbox 1361 2718 1492 2752; x_wconf 89' lang='lat' dir='ltr'>chivi.&#39;’</span> 
     </span>
     <span class='ocr_line' id='line_1_47' title="bbox 249 2774 1727 2820; baseline -0.003 -8"><span class='ocrx_word' id='word_1_454' title='bbox 249 2775 295 2812; x_wconf 83' lang='grc' dir='ltr'>Ῑι]</span> <span class='ocrx_word' id='word_1_455' title='bbox 313 2777 482 2812; x_wconf 75' lang='lat' dir='ltr'>orationis</span> <span class='ocrx_word' id='word_1_456' title='bbox 497 2776 615 2820; x_wconf 77' lang='lat' dir='ltr'>aditu,</span> <span class='ocrx_word' id='word_1_457' title='bbox 631 2775 696 2810; x_wconf 84' lang='lat' dir='ltr'>vix</span> <span class='ocrx_word' id='word_1_458' title='bbox 714 2779 794 2809; x_wconf 66' lang='lat' dir='ltr'>rota</span> <span class='ocrx_word' id='word_1_459' title='bbox 815 2780 1003 2816; x_wconf 83' lang='lat' dir='ltr'>currente;</span> <span class='ocrx_word' id='word_1_460' title='bbox 1029 2776 1168 2819; x_wconf 85' lang='grc' dir='ltr'>Ὁμοίως</span> <span class='ocrx_word' id='word_1_461' title='bbox 1192 2776 1307 2820; x_wconf 77' lang='grc' dir='ltr'>μέντοι</span> <span class='ocrx_word' id='word_1_462' title='bbox 1331 2774 1453 2808; x_wconf 84' lang='grc' dir='ltr'>διαλε</span> <span class='ocrx_word' id='word_1_463' title='bbox 1465 2776 1549 2818; x_wconf 66' lang='grc' dir='ltr'>χθῆ</span> <span class='ocrx_word' id='word_1_464' title='bbox 1562 2788 1630 2808; x_wconf 90' lang='grc' dir='ltr'>ναι</span> <span class='ocrx_word' id='word_1_465' title='bbox 1655 2779 1727 2816; x_wconf 79' lang='grc' dir='ltr'>τοῖς</span> 
     </span>
     <span class='ocr_line' id='line_1_48' title="bbox 250 2826 1725 2877; baseline -0.001 -12"><span class='ocrx_word' id='word_1_466' title='bbox 250 2834 416 2877; x_wconf 84' lang='grc' dir='ltr'>πρότερόν</span> <span class='ocrx_word' id='word_1_467' title='bbox 427 2845 508 2866; x_wconf 83' lang='grc' dir='ltr'>ποτε</span> <span class='ocrx_word' id='word_1_468' title='bbox 524 2831 689 2876; x_wconf 77' lang='grc' dir='ltr'>εἰρηκόσιν</span> <span class='ocrx_word' id='word_1_469' title='bbox 703 2830 815 2863; x_wconf 62' lang='grc' dir='ltr'>ἐνθάδ’</span> <span class='ocrx_word' id='word_1_470' title='bbox 832 2829 942 2864; x_wconf 82' lang='grc' dir='ltr'>εἶναι</span> <span class='ocrx_word' id='word_1_471' title='bbox 957 2845 1012 2875; x_wconf 88' lang='grc' dir='ltr'>μοι</span> <span class='ocrx_word' id='word_1_472' title='bbox 1025 2831 1123 2863; x_wconf 81' lang='grc' dir='ltr'>δοκεῖ.</span> <span class='ocrx_word' id='word_1_473' title='bbox 1172 2830 1277 2863; x_wconf 83' lang='lat' dir='ltr'>Itane</span> <span class='ocrx_word' id='word_1_474' title='bbox 1289 2830 1301 2862; x_wconf 71' lang='grc' dir='ltr'><strong><em>Ἰ</em></strong></span> <span class='ocrx_word' id='word_1_475' title='bbox 1314 2832 1410 2862; x_wconf 82' lang='grc' dir='ltr'>Δοκεῖ</span> <span class='ocrx_word' id='word_1_476' title='bbox 1423 2842 1478 2873; x_wconf 92' lang='grc' dir='ltr'>μοι</span> <span class='ocrx_word' id='word_1_477' title='bbox 1495 2842 1507 2862; x_wconf 89' lang='grc' dir='ltr'>ε</span> <span class='ocrx_word' id='word_1_478' title='bbox 1518 2826 1532 2860; x_wconf 82' lang='grc' dir='ltr'>ἶ</span> <span class='ocrx_word' id='word_1_479' title='bbox 1542 2842 1563 2862; x_wconf 88' lang='grc' dir='ltr'>ν</span> <span class='ocrx_word' id='word_1_480' title='bbox 1576 2844 1598 2863; x_wconf 90' lang='grc' dir='ltr'>α</span> <span class='ocrx_word' id='word_1_481' title='bbox 1610 2845 1621 2863; x_wconf 93' lang='grc' dir='ltr'>ι</span> <span class='ocrx_word' id='word_1_482' title='bbox 1639 2830 1675 2863; x_wconf 81' lang='grc' dir='ltr'>δι</span> <span class='ocrx_word' id='word_1_483' title='bbox 1686 2844 1725 2864; x_wconf 87' lang='grc' dir='ltr'>α-</span> 
     </span>
     <span class='ocr_line' id='line_1_49' title="bbox 249 2883 1725 2931; baseline -0.001 -11"><span class='ocrx_word' id='word_1_484' title='bbox 249 2888 288 2920; x_wconf 78' lang='grc' dir='ltr'>λε</span> <span class='ocrx_word' id='word_1_485' title='bbox 301 2902 324 2931; x_wconf 82' lang='grc' dir='ltr'>χ</span> <span class='ocrx_word' id='word_1_486' title='bbox 335 2889 384 2929; x_wconf 83' lang='grc' dir='ltr'>Θῆ</span> <span class='ocrx_word' id='word_1_487' title='bbox 397 2902 416 2922; x_wconf 86' lang='lat' dir='ltr'><em>v</em></span> <span class='ocrx_word' id='word_1_488' title='bbox 429 2901 480 2922; x_wconf 85' lang='grc' dir='ltr'>αι.</span> <span class='ocrx_word' id='word_1_489' title='bbox 507 2885 579 2920; x_wconf 87' lang='lat' dir='ltr'>Sed</span> <span class='ocrx_word' id='word_1_490' title='bbox 601 2896 646 2920; x_wconf 89' lang='lat' dir='ltr'>ne</span> <span class='ocrx_word' id='word_1_491' title='bbox 663 2896 721 2920; x_wconf 87' lang='lat' dir='ltr'>mc</span> <span class='ocrx_word' id='word_1_492' title='bbox 733 2885 839 2920; x_wconf 90' lang='lat' dir='ltr'>nimis</span> <span class='ocrx_word' id='word_1_493' title='bbox 852 2885 1110 2919; x_wconf 84' lang='lat' dir='ltr'>inclementem</span> <span class='ocrx_word' id='word_1_494' title='bbox 1125 2883 1272 2927; x_wconf 77' lang='lat' dir='ltr'>dixeris,</span> <span class='ocrx_word' id='word_1_495' title='bbox 1284 2887 1347 2918; x_wconf 85' lang='lat' dir='ltr'>aut</span> <span class='ocrx_word' id='word_1_496' title='bbox 1362 2894 1424 2918; x_wconf 86' lang='lat' dir='ltr'>eas</span> <span class='ocrx_word' id='word_1_497' title='bbox 1440 2893 1572 2929; x_wconf 87' lang='lat' dir='ltr'>poenas</span> <span class='ocrx_word' id='word_1_498' title='bbox 1589 2884 1634 2918; x_wconf 89' lang='lat' dir='ltr'>ab</span> <span class='ocrx_word' id='word_1_499' title='bbox 1648 2885 1725 2919; x_wconf 69' lang='lat' dir='ltr'>Ar·-</span> 
     </span>
    </p>
   </div>
  </div>
 </body>
</html>
