1839 3229
248 198 302 238 26
806 200 839 241 l.
861 199 896 243 Ι.
919 200 1148 243 REISKII

246 305 352 342 licet.
410 306 534 356 Super
547 306 606 344 his
622 306 910 356 enimjudicare
930 308 1019 345 mihi
1036 307 1092 345 fas
1114 319 1188 344 nou
1208 311 1280 353 est,
1301 306 1368 357 qui
1386 319 1410 344 a
1427 306 1695 358 theologorum

247 367 367 405 sacris
388 371 539 406 arcanis
556 374 640 407 tota
660 371 739 407 vita
757 369 897 420 procul
915 369 1116 407 abfuerim.
1172 369 1307 414 Sumo,
1325 368 1357 407 si
1371 368 1489 414 voles,
1505 368 1698 419 quantivis

246 428 443 468 facienda.·
500 431 775 468 Verumtamen
797 432 835 468 in
857 431 1181 480 disputationibus
1210 444 1324 481 super
1345 431 1601 469 monumentis
1621 431 1698 483 Ly-

247 491 314 529 siae
340 493 474 542 ecquis
502 492 791 530 enucleationes
813 500 962 542 quaerat
991 493 1252 531 abstrusorum
1277 492 1385 530 Pauli
1408 492 1589 543 Apostoli
1611 506 1698 531 sen·-

246 553 380 590 suum?
418 553 507 590 Nou
524 560 605 591 erat
625 566 727 591 nunc-
748 554 806 591 his
826 554 950 592 locus.
989 555 1078 592 Alio
1097 555 1185 593 loco
1197 555 1487 606 expromsisset.
1519 555 1700 593 Decebat

246 615 380 665 utique
403 614 692 660 Marklandum,
715 616 778 664 qui
809 616 1012 666 theologus
1039 622 1153 663 esset,
1175 616 1285 654 Pauli
1305 617 1472 655 lectione
1499 616 1700 655 delectari.

245 676 334 714 Non
350 676 605 723 invideo,non
627 676 840 714 intercedo.
888 679 941 714 At
958 690 1045 715 cum
1065 678 1150 716 luce
1170 678 1351 716 tenebras
1368 691 1414 716 ne
1433 678 1699 718 commisceto.

246 738 520 776 Verumtamen
548 737 652 776 nefas
681 738 873 776 ducebam
894 739 1056 776 alienam
1077 740 1113 777 in
1135 754 1293 778 messem
1321 740 1457 778 falcem
1479 753 1538 778 me
1554 740 1699 779 immit-

244 807 340 845 tere,
371 800 568 851 fidemque
598 800 797 850 publicam
824 801 981 847 violare,
1003 807 1041 839 et
1060 803 1305 840 exsecrabilis
1325 802 1542 853 exemplum
1560 803 1700 853 praeire

244 862 494 912 grassationis
512 862 549 899 iu
569 861 694 899 aliena
713 863 870 914 scripta,
894 862 998 914 quod
1019 863 1085 900 alii
1104 864 1350 914 postmodum
1378 865 1416 902 in
1437 865 1545 910 meis,
1562 877 1621 903 me
1639 864 1700 903 in-

243 924 447 970 vitissimo,
467 923 543 962 sint
563 923 762 962 imitaturi.
820 926 1016 963 Praeterea
1038 925 1123 962 aliis
1139 925 1202 962 alii
1221 925 1429 964 ducuntur.
1486 927 1619 964 Meum
1648 926 1700 965 ad

242 986 415 1037 palatum
438 986 468 1023 si
489 998 577 1035 quae
598 985 721 1024 minus
740 986 831 1032 sint,
853 987 1015 1024 dubium
1035 999 1112 1024 non
1132 992 1202 1035 est,
1233 988 1326 1037 quin
1359 989 1457 1025 bene
1487 987 1596 1025 multi
1624 986 1701 1026 sint

242 1046 377 1095 futuri,
407 1048 472 1096 qui
491 1060 536 1085 ea
556 1054 755 1098 appetant,
776 1049 827 1086 ob
847 1062 967 1096 eaque
981 1048 1040 1086 vel
1061 1050 1142 1087 sola
1163 1048 1454 1087 Marklandinas
1473 1048 1523 1087 ad
1545 1048 1699 1100 Lysiam

242 1109 502 1159 Conjecturas
517 1109 814 1159 magnifaciant,
828 1118 969 1158 emant,
985 1113 1177 1151 lectitent.
1207 1111 1339 1149 Minus
1356 1116 1485 1149 tamen
1500 1110 1700 1162 religiosus

243 1171 299 1210 fui
315 1172 352 1210 in
370 1173 507 1210 Latina
523 1172 696 1222 Lysiacae
713 1175 896 1213 orationis
911 1174 1229 1226 interpretatione
1244 1186 1266 1211 a
1279 1173 1449 1224 Tayloro
1461 1173 1700 1224 conscripta,

244 1246 358 1283 quam
394 1247 556 1285 prorsus
579 1235 706 1280 omisi,
729 1237 880 1286 gemina
900 1237 948 1275 de
969 1248 1104 1275 causa:
1137 1235 1270 1280 altera,
1301 1233 1406 1283 quod
1439 1233 1700 1272 decrevissem

240 1295 289 1332 ab
310 1296 399 1342 hoc,
416 1297 522 1345 quod
538 1297 628 1344 edo,
648 1310 810 1348 corpore
821 1299 1049 1337 Graecorum
1067 1298 1278 1336 Oratorum
1294 1296 1447 1335 Latinas
1466 1295 1700 1347 interpreta-

240 1358 365 1396 tiones
381 1359 551 1398 omnimo
571 1372 720 1405 omneS,
736 1361 909 1409 quamvis
922 1362 1043 1400 bonas
1061 1365 1100 1398 et
1114 1360 1312 1411 probatas,
1325 1357 1550 1404 excludere3
1565 1358 1700 1405 altera,

240 1419 345 1468 quod
367 1420 466 1459 hanc
487 1421 742 1472 Tayloranam
762 1434 897 1472 parum
916 1423 1135 1474 probarem,
1149 1433 1246 1470 ‘quae
1266 1431 1442 1471 persaepe
1463 1419 1636 1457 locorum
1649 1419 1701 1458 ab

239 1483 403 1519 oratoris
425 1483 615 1520 sententia
630 1482 859 1530 aberrasset,
882 1491 921 1522 et
940 1486 1114 1522 universe
1132 1495 1268 1533 parum
1282 1482 1418 1520 Latina
1433 1486 1549 1527 esset,
1565 1494 1701 1532 quam-

240 1556 356 1591 quam
378 1544 480 1582 haud
499 1556 558 1582 me
576 1544 689 1594 fugit,
706 1558 822 1593 quam
843 1546 915 1584 sibi
932 1546 1121 1596 Taylorus
1141 1550 1181 1582 et
1200 1544 1239 1582 in
1258 1543 1333 1581 fide
1350 1549 1468 1592 atque
1482 1542 1699 1593 perspicui-

239 1611 318 1642 tate
338 1619 416 1643 suae
436 1605 780 1656 interpretationis,
797 1607 886 1644 etin
903 1606 1091 1644 munditie
1104 1611 1222 1654 atque
1235 1606 1359 1643 nitore
1374 1605 1597 1643 Latinitatis
1615 1604 1699 1655 pla·-

239 1668 365 1705 cuerit
384 1674 499 1716 atque
521 1669 736 1706 exsultarit.
776 1670 921 1706 Verum
940 1669 990 1706 ab
1010 1668 1261 1718 intelligentia
1279 1667 1393 1705 bonae
1412 1673 1605 1715 tersaeque
1625 1666 1701 1704 La-

240 1729 403 1767 tinitatis
426 1732 562 1767 aberat
580 1730 728 1781 Taylor
747 1743 859 1778 quam
886 1730 1108 1781 plurimum.
1167 1729 1212 1767 Id
1234 1728 1341 1779 quod
1363 1726 1566 1766 affirmanti
1587 1739 1701 1766 nemo

238 1791 352 1829 facile
376 1791 467 1829 mihi
489 1790 608 1829 fidem
629 1792 808 1842 deneget,
831 1792 1102 1831 anno-tationes
1123 1791 1207 1841 ejus
1228 1790 1278 1828 ad
1301 1790 1459 1842 Lysiam
1486 1789 1640 1840 legen83
1660 1789 1700 1827 in

239 1853 379 1900 quibus
401 1853 503 1890 haud
526 1853 599 1890 rari
620 1860 710 1890 sunt
738 1854 827 1899 loci,
854 1867 931 1892 non
961 1853 1233 1904 Apuleianum,
1256 1851 1325 1890 sed
1352 1851 1469 1903 plane
1490 1850 1701 1889 Tertullia-

238 1927 354 1952 neum
374 1927 417 1952 os
438 1914 664 1962 reserentes,
685 1928 780 1963 quos
801 1916 867 1954 alii
899 1929 977 1953 non
1012 1914 1132 1966 magis
1154 1913 1355 1952 videantur
1379 1911 1620 1964 percepturi,
1641 1918 1702 1950 at-

238 1990 314 2024 que
336 1989 407 2026 ego
436 1976 624 2027 percipio.
682 1977 751 2014 Est
781 1978 915 2028 utique
937 1977 1062 2028 Lysiae
1089 1977 1217 2015 oratio
1245 1974 1496 2027 perobscura,
1525 1987 1614 2013 cum
1645 1976 1699 2012 ob

239 2037 439 2084 dictionis,
463 2050 580 2087 quam
609 2037 780 2085 affectat,
807 2039 1049 2085 brevitatem,
1079 2045 1161 2077 tum
1190 2038 1242 2076 ob
1270 2049 1377 2075 coeca
1409 2036 1700 2075 ratiociniorum

238 2099 416 2137 vincula:
440 2105 482 2137 ut
499 2099 674 2150 inprimis
694 2100 841 2139 bonum
858 2101 1106 2152 interpretem
1128 2099 1338 2138 desideret.
1381 2099 1465 2148 Ego
1487 2111 1578 2136 vero
1596 2098 1699 2149 Tay-

238 2161 360 2198 lorum
395 2173 484 2198 eum
516 2174 598 2199 esse
626 2174 723 2212 nego
757 2162 901 2200 bonum
933 2163 1196 2214 interpretem.
1255 2161 1509 2212 Quapropter
1533 2160 1700 2210 ipsemet

239 2222 453 2260 molestiam
474 2223 669 2261 exantlavi
689 2223 864 2275 Lysiam,
885 2237 1040 2275 unaque
1056 2222 1301 2262 Andocidem
1324 2228 1363 2261 et
1383 2223 1538 2268 Isaeum,
1561 2221 1698 2260 Latine

238 2284 504 2323 convertendi.
560 2284 660 2323 Nam
682 2285 732 2323 de
751 2286 996 2337 Antiphonte
1016 2286 1188 2324 nondum
1209 2286 1303 2323 certi
1322 2283 1530 2334 quiequam
1547 2295 1698 2321 mecum

237 2345 436 2383 constitui.
477 2347 579 2384 Istos
594 2360 699 2394 ver0,
716 2361 813 2396 quos
835 2348 930 2394 dixi,
948 2348 1105 2386 Latinos
1126 2347 1216 2397 feci,
1236 2347 1330 2385 olim
1349 2345 1560 2395 aliquando
1579 2344 1699 2382 eden-

237 2406 330 2444 dos:
351 2407 458 2457 quod
481 2407 545 2445 ubi
565 2406 713 2446 factum
731 2409 863 2456 fuerit,
879 2416 1048 2448 statuent
1062 2409 1115 2448 rei
1127 2409 1398 2459 intelligentes,
1416 2418 1595 2458 operaene
1610 2418 1698 2457 pre-

237 2468 331 2505 tium
358 2468 496 2506 fecisse
527 2469 671 2509 videar.
730 2472 888 2510 Interim
909 2472 1026 2510 semel
1045 2472 1104 2510 vel
1124 2472 1183 2510 bis
1206 2474 1247 2510 in
1265 2469 1582 2509 annotationibus
1601 2467 1698 2506 meis

237 2530 286 2567 ad
308 2530 460 2581 Lysiam
482 2531 646 2569 lectores
666 2533 715 2571 ad
733 2534 832 2572 hanc
854 2547 976 2572 meam
995 2532 1494 2586 Lysiaeinterpretationem
1509 2528 1696 2581 ablegavi,

237 2596 317 2629 tum
347 2592 605 2642 prodendam,
627 2608 714 2633 cum
735 2608 806 2646 per
834 2595 915 2634 fata
936 2597 1088 2634 licuerit
1107 2595 1221 2634 finem
1245 2594 1336 2633 huic
1357 2593 1513 2644 corpori
1533 2593 1699 2630 Graeco-

236 2666 318 2690 rum
340 2659 533 2692 oratorum
553 2655 766 2705 imponere.
824 2658 915 2696 Vita
947 2658 978 2695 si
1005 2663 1200 2709 suppetet,
1221 2662 1260 2695 et
1288 2663 1451 2701 sumtuS,
1472 2659 1588 2703 atque
1617 2659 1698 2692 stu-

235 2714 343 2752 dium
362 2720 569 2761 emtorum,
592 2718 741 2768 recipio
760 2718 914 2757 edenda
942 2719 1093 2769 aliquot
1121 2718 1327 2766 volumina,
1355 2719 1393 2756 in
1414 2730 1502 2767 quae
1520 2714 1698 2765 compin-

235 2783 376 2826 gentur
397 2776 598 2815 Wolfianae
628 2780 787 2829 operum
818 2779 1094 2818 Demosthenis
1128 2787 1168 2819 et
1197 2780 1392 2818 AEschinis
1415 2778 1461 2817 'et
1494 2775 1697 2821 Dinarchi,

237 2850 334 2875 meae
367 2838 598 2887 Andocidis,
629 2839 769 2890 Lysiae,
797 2841 897 2887 lisaei,
917 2846 956 2878 et
976 2842 1110 2879 nescio
1129 2854 1178 2879 an
1195 2839 1448 2891 Antiphontis
1470 2850 1636 2887 quoque,
1656 2841 1697 2874 et

236 2898 285 2935 ab
306 2899 388 2936 aliis
411 2901 660 2951 eonscriptae,
678 2901 708 2939 si
727 2915 812 2949 quae
828 2908 1019 2953 prostant,
1032 2903 1371 2954 interpretationes
1385 2902 1533 2941 Latinae
1553 2899 1696 2952 proba-

238 2960 332 2998 biles
355 2962 515 3001 aliorum
535 2976 556 3001 e
573 2963 727 3002 Graecis
747 2965 970 3017 oratoribus
991 2965 1215 3004 minoribus.
