1839 3229
227 179 282 219 52
762 176 952 220 LYSIAE
980 175 1135 219 VITA.

224 283 540 328 humanissimum
560 284 693 336 populi
713 284 868 323 victoris
894 283 1109 329 decretum,
1130 289 1172 322 ut
1193 287 1335 334 praeter
1353 293 1452 328 eam,
1481 292 1597 332 quam
1624 291 1673 317 ex

226 344 472 395 religionibus
501 346 637 384 divinis
666 345 976 391 nanciscebatur,
1002 345 1287 390 auctoritatem,
1316 343 1463 393 aliquid
1491 342 1607 381 etiam
1635 341 1674 378 in

219 406 310 455 jure
331 408 499 446 humano
517 409 700 459 reperiret
728 407 910 459 praesidii,
939 407 1060 458 legem
1092 409 1210 445 suasit
1231 406 1438 452 Archinus,
1467 410 1510 442 ut
1540 409 1675 442 contra

226 481 326 513 eum,
357 470 423 520 qui
452 470 502 508 (le
532 471 648 509 rebus
680 469 886 520 praeteritis
917 469 1022 507 litem
1051 468 1286 514 intenderet,
1319 466 1557 517 exceptionis
1583 465 1675 515 jure

224 519 495 584 (παραγραφὴν
515 539 655 570 vocant
669 532 818 580 Graeci)
842 531 898 569 uti
918 531 1074 570 liceret:
1108 545 1161 570 sc.
1182 537 1223 569 ut
1244 532 1348 569 Reus
1367 529 1486 581 priori
1508 529 1598 566 loco
1617 527 1676 565 di-

226 598 344 638 ceret,
365 594 449 644 ejus
469 596 679 645 ἀμνηστίας
699 592 929 632 beneficium
950 593 1234 643 imploraturus,
1292 591 1404 643 Legis
1428 589 1677 628 disertissima

227 650 343 692 verba
362 655 598 705 producam:
618 656 766 701 Ἐπειδὴ
786 658 856 705 γὰρ
876 656 916 692 ἐκ
933 653 1120 705 Πειραιῶς
1137 653 1381 696 κατελθόντες
1400 653 1520 695 ἐνίους
1543 651 1677 702 ἑωρᾶτε

224 703 297 754 τῶν
315 720 480 757 πολιτῶν
501 724 741 771 συκοφαντεῖν
759 718 1009 769 ὡρμημένους,
1031 719 1090 754 καὶ
1108 719 1173 760 τὰς
1194 715 1384 760 συνθήκας
1407 715 1511 752 λύειν
1537 713 1678 764 ἐπιχει-

224 783 396 828 ροῦντας,
416 778 639 832 βουλόμενοι
657 781 803 822 τούτους
822 795 858 817 τε
878 784 1032 825 παῦσαι,
1062 781 1121 816 καὶ
1147 783 1223 821 τοῖς
1251 777 1384 821 ἄλλοις
1411 776 1601 822 ἐπιδεῖξαι,
1623 773 1679 813 ὅτι

222 841 287 877 οὑκ
305 842 603 890 ἀναγκασθέντες
630 843 852 887 ἐποιήσασθε
878 843 1009 887 αὐτας,
1029 842 1115 877 ἀλλ’
1134 840 1331 891 ἡγούμενοι
1351 842 1394 895 τῇ
1413 841 1519 877 πόλει
1539 840 1679 890 συμφέ’

221 918 312 951 ρειν,
343 905 509 947 εἰπόντος
543 906 735 956 Ἀρχίνου,
767 905 884 956 νόμον
911 902 1060 950 ἔθεσθε,
1093 901 1147 940 ἅν
1180 917 1249 945 τις
1280 901 1523 948 δικάζηται
1555 902 1679 951 rapa*

225 962 329 1008 τοὺς
356 965 513 1016 ὅρκους
538 967 711 1013 ἐξεῖναι
737 969 791 1018 τῷ
816 969 1035 1017 φεύγοντι
1061 962 1480 1015 παραγράψασθαι,
1507 961 1610 1004 τοὺς
1636 960 1678 998 δὲ

224 1025 456 1080 ἄρχοντας
476 1032 574 1079 περὶ
601 1033 759 1068 τούτου
786 1035 962 1080 πρῶτον
993 1028 1226 1077 εἰσάγειν,
1255 1029 1419 1075 λέγειν
1450 1025 1492 1063 δὲ
1520 1026 1679 1076 πρότε-

222 1102 307 1137 ρον
335 1089 411 1128 τὸν
429 1092 881 1150 παραγραψάμενον,
904 1091 1111 1139 ὁπότερος
1131 1088 1160 1126 δ’
1178 1090 1232 1127 ἂν
1260 1085 1434 1142 ἡττηθῇ
1462 1089 1544 1132 τὴν
1572 1086 1680 1124 ἐπω-

224 1147 393 1196 βελίαν
421 1154 635 1206 ὀφείλειν.
692 1153 885 1191 Isocrates
905 1153 945 1190 ἐν
965 1155 1017 1203 τῷ
1035 1151 1306 1202 παραγραφικῷ
1335 1151 1438 1200 λόγῳ
1467 1149 1559 1199 πρὸς
1578 1151 1681 1187 Καλ-

224 1213 403 1264 λίμαχον.
459 1215 514 1253 Ut
544 1228 620 1252 uno
639 1214 760 1252 verbo
779 1214 1033 1264 complectar,
1051 1224 1185 1249 omnes
1206 1209 1381 1260 undique
1401 1210 1557 1249 ordines
1587 1211 1679 1250 civi-

226 1274 314 1311 tatis
334 1275 382 1313 ad
403 1276 651 1315 concordiam
673 1276 867 1326 publicam
898 1274 1109 1312 invitarunt
1137 1272 1406 1320 illustrissimo,
1427 1273 1533 1324 quod
1556 1273 1680 1312 ubivis

224 1334 377 1385 legitur,
397 1338 574 1388 exemplo
604 1336 820 1375 clementiae
848 1336 986 1381 civilis,
1007 1340 1260 1385 veterumque
1281 1333 1516 1372 simultatum
1539 1348 1681 1373 memo-

226 1395 295 1434 riae
317 1397 512 1437 oblivione
533 1399 766 1449 sempiterna
786 1398 940 1437 deletae.
971 1396 1070 1435 Nam
1087 1408 1176 1434 cum
1196 1395 1245 1433 ad
1266 1395 1510 1434 obsidionem
1531 1396 1684 1443 Piraeei,

227 1470 343 1508 quem
372 1467 613 1511 occuparant
636 1461 798 1515 Exsules
825 1458 1070 1511 Thrasybulo
1086 1458 1199 1504 duce,
1221 1458 1266 1496 C.
1287 1458 1432 1496 talenta
1451 1471 1472 1496 a
1494 1459 1682 1498 Lacedae-

227 1521 367 1560 moniis
387 1530 521 1561 mutuo
542 1529 804 1574 sumpserunt,
825 1522 892 1573 qui
918 1523 956 1560 in
987 1522 1082 1560 urbe
1111 1533 1201 1559 curn
1231 1520 1443 1558 XXXviris
1470 1526 1681 1561 steterunt:

227 1592 268 1625 et
288 1586 501 1625 concordia
520 1586 638 1638 facta,
654 1586 943 1626 Lacedaemonii
963 1599 1015 1624 aes
1042 1590 1281 1636 repeterent3
1313 1585 1506 1623 nonnullis
1527 1598 1681 1637 aequum

226 1662 310 1687 esse
329 1649 546 1695 videbatur,
576 1655 618 1687 ut
648 1649 824 1687 debitum
853 1648 1111 1686 dissolverunt
1139 1646 1270 1692 iidem,
1301 1646 1368 1697 qui
1395 1652 1682 1694 contraxerant,

229 1724 306 1749 non
337 1710 376 1756 ii,
406 1723 569 1760 quorum
600 1711 638 1748 in
669 1710 876 1760 perniciem
911 1714 1154 1748 contractum
1187 1707 1336 1751 fuerat;
1377 1708 1527 1747 Placuit
1555 1715 1683 1748 tamen

228 1780 347 1824 atque
367 1773 599 1811 auctoritate
628 1773 788 1824 publica
807 1772 994 1810 sancitum
1015 1777 1089 1820 est,
1110 1783 1189 1821 quo
1217 1776 1349 1820 posset
1378 1770 1501 1808 omnis
1529 1773 1685 1810 omnino

230 1836 469 1875 simultatum
491 1835 675 1872 memoria
696 1833 907 1878 obliterari,
935 1839 977 1870 ut
1004 1832 1260 1869 communiter
1279 1831 1329 1869 ab
1345 1832 1524 1871 omnibus
1545 1834 1685 1873 solutio

230 1896 385 1936 fieren*
414 1895 678 1933 Clarissimum
700 1893 976 1932 moderationis
997 1892 1213 1942 exemplum
1233 1891 1430 1942 animique
1451 1893 1500 1932 ad
1521 1893 1684 1934 inimici-

232 1962 304 2000 tias
325 1957 578 2009 deponendas
597 1957 841 2008 paratissimi.

285 2022 430 2060 Verum
462 2025 505 2058 ut
537 2031 688 2057 manum
723 2019 824 2075 illam
858 2018 1105 2068 Phylensem,
1136 2030 1225 2067 quae
1256 2022 1362 2055 tanta
1383 2017 1524 2056 virtute
1543 2019 1684 2072 Remp.

231 2083 511 2131 vindicaverat,
532 2081 576 2118 P.
596 2083 642 2118 A.
664 2082 773 2131 quasi
795 2079 1072 2118 beneficiorum
1102 2079 1302 2116 immemor
1329 2091 1406 2116 non
1435 2079 1547 2129 plane
1566 2082 1686 2132 negli-

231 2158 321 2197 gere
336 2143 542 2188 videretur,
564 2143 754 2187 decrevit,
776 2142 866 2180 eod.
889 2141 1060 2179 Archino
1081 2140 1243 2185 ferente,
1259 2143 1386 2183 αὐτοῖς
1406 2143 1458 2185 εἷς
1476 2144 1612 2181 θυσίαν
1627 2147 1687 2182 καὶ

230 2208 456 2256 ἀναθήματα
476 2204 620 2252 (verbis
641 2212 725 2242 utor
745 2204 877 2242 AEsch.
897 2217 934 2241 c.
955 2201 1131 2252 Ctesiph.
1159 2202 1225 2252 qui
1256 2201 1371 2251 hujus
1389 2202 1443 2240 rei
1464 2205 1687 2243 memoriam

231 2267 490 2315 conservavit)
504 2267 633 2320 δοῦναι
653 2269 782 2318 χιλίας
802 2266 990 2319 δραχμὰς,
1003 2264 1129 2303 ἔπειτα
1152 2263 1430 2316 στεφανοῦσθαι
1446 2267 1590 2304 θαλλοῦ
1609 2283 1688 2306 στε-

233 2332 360 2383 ψάνῳῒ
380 2333 503 2368 αὐτῶν
531 2329 700 2376 ἕκαστον,
721 2331 780 2366 καὶ
806 2328 890 2366 οὐδὲ
917 2332 1023 2366 τοῦτο
1051 2329 1126 2372 εἰκῆ
1154 2330 1302 2378 πρᾶξαι,
1324 2327 1413 2364 ἀλλ’
1430 2326 1592 2377 ἀκριβῶς
1620 2332 1688 2376 τὴν

232 2412 288 2439 τῶν
308 2408 458 2449 τριάκοντα.
482 2406 531 2437 καὶ
553 2409 608 2437 τῶν
631 2405 735 2442 ἕνδεκα,
759 2406 819 2436 οὐδὲ
839 2406 943 2437 τούτων
977 2405 1106 2436 Maxim.
1119 2406 1175 2434 IV.
1194 2408 1223 2435 1.
1247 2405 1336 2435 Oros.
1348 2405 1392 2436 ΙΙ.
1410 2406 1461 2434 17.
1478 2405 1552 2435 vu.
1567 2408 1598 2436 6.
1612 2407 1687 2447 lays.

231 2451 259 2486 ὃς
274 2452 307 2482 ἂν
320 2451 436 2484 εὐθύνας
451 2449 547 2480 διδόναι
561 2451 610 2483 τῆς
625 2451 715 2491 ἀρχῆς
728 2447 759 2484 ’ἧς
772 2448 857 2490 ἧρξεν.
976 2460 1003 2478 c.
1021 2449 1149 2487 Agorat.
1166 2448 1216 2478 fin.
1233 2447 1312 2488 Nep.
1334 2447 1366 2477 in
1380 2447 1583 2488 Thrasybulo,
1604 2454 1687 2480 cete·

977 2493 1075 2531 rique.
1132 2491 1248 2521 Verum
1276 2490 1398 2530 legibus
1428 2496 1459 2521 et
1490 2493 1687 2523 sacramentis

977 2535 1069 2574 longe
1084 2534 1285 2565 antecellebat
1314 2533 1502 2564 simultatum
1526 2540 1558 2565 et
1580 2535 1688 2575 injuri-

977 2588 1063 2608 arum
1092 2577 1250 2608 memoria.
1310 2576 1395 2607 Hinc
1423 2577 1502 2607 enim
1529 2578 1686 2608 derivatur

977 2631 1065 2651 omne
1085 2621 1168 2651 istud
1185 2619 1415 2651 Atheniensium
1431 2620 1546 2658 odium,
1560 2622 1642 2660 qnod
1656 2622 1688 2651 in

976 2664 1133 2694 Socratem
1155 2663 1235 2693 haud
1258 2662 1313 2693 diu
1334 2667 1405 2702 post
1421 2663 1532 2702 erupit.
1574 2663 1688 2704 Ὑμεῖς,

976 2704 999 2735 3
1012 2705 1159 2740 Ἀθηναῖοι,
1175 2706 1322 2746 Σωκράτην
1335 2705 1391 2744 μὲν
1400 2704 1448 2735 τὸν
1461 2708 1600 2745 σοφιστὴν
1616 2708 1688 2737 ἀπε-

441 2508 541 2550 ”Οριιος
555 2510 607 2543 ’τῆς
619 2508 730 2543 Βουλῆς.

233 2577 274 2608 Οὔ
289 2575 405 2616 δέξομαι
421 2574 527 2614 ἔνδειξιν
543 2574 602 2605 οὐδὲ
623 2576 780 2613 ἀπαγωγὴν
795 2574 873 2606 ἕνεκα.
889 2578 944 2606 τῶν

233 2618 357 2662 πρότερον
372 2617 556 2657 γεγενημένων
569 2620 643 2648 πλὴν
654 2620 708 2647 τῶν
723 2617 885 2657 φευγόντων.

420 2684 518 2727 ’Ὅρκος
532 2687 586 2715 τῶν
602 2686 750 2715 δικαστῶν.

234 2747 274 2778 οὐ
289 2745 493 2787 μνησικακῆτω
504 2743 562 2775 οὐδὲ
577 2744 650 2774 ἄλλο
661 2743 811 2785 πείσομαι,
824 2745 944 2787 ψηφιοῦ-

233 2801 291 2830 μαι
307 2789 336 2820 δὲ
349 2791 428 2819 κατὰ
442 2789 506 2823 τοὺς
519 2787 660 2827 κειμένους
674 2787 781 2828 νόμους.

235 2835 307 2863 Hoc
324 2831 499 2862 oblivionis
520 2831 675 2861 decretum
691 2834 859 2861 memorant
872 2831 943 2860 Plu-

234 2877 329 2906 tarch.
345 2881 471 2905 πολιτικ.
488 2880 678 2914 παςαγγελμ.
698 2873 857 2904 Demosth.
873 2874 944 2904 adv.

233 2919 388 2953 Boeotum,
404 2917 578 2953 AEscbines,
592 2917 779 2952 Andocides,
797 2917 942 2955 Xenoph.

234 2962 351 2991 Patere.
379 2962 424 2991 11.
450 2963 502 2992 58.
526 2960 593 2991 Cic.
621 2960 756 3000 Philipp.
783 2963 811 2991 1.
841 2960 943 2990 Valet.

977 2747 1117 2783 κτείνατε,
1133 2746 1175 2778 δ’τι
1198 2747 1311 2788 xgr-flav
1328 2747 1413 2789 ἐφάνη
1435 2749 1628 2783 πεπαιδωιιὺς
1642 2748 1687 2779 ἕνα

977 2793 1031 2821 τῶν
1046 2793 1075 2821 λ’
1090 2793 1144 2821 τῶν
1156 2790 1202 2821 τὸν
1218 2792 1302 2831 δῆμον
1315 2791 1549 2822 καταλυσάντων.
1581 2791 1688 2822 AEsch.

976 2845 1003 2864 c.
1018 2834 1172 2864 Timar-oh.
1186 2834 1266 2864 Add.
1283 2834 1365 2864 Plat.
1381 2834 1479 2875 Epist.
1495 2836 1526 2864 7.

1019 2878 1037 2896 ἢ*
1055 2877 1216 2906 Demostb.
1232 2888 1260 2907 c.
1276 2877 1395 2917 Leptin.
1412 2877 1478 2908 init.
1494 2881 1527 2908 et
1539 2878 1635 2908 laocr.
1653 2877 1686 2908 in

976 2919 1202 2958 Areopagitico.

1020 2965 1032 2993 t
1045 2963 1156 3001 Tangit
1171 2963 1277 3002 Nepos
1292 2962 1321 2992 iu
1335 2962 1539 3001 Thrasybulo.
1566 2967 1588 2980 ‘⁴
1601 2963 1685 2993 Huic
