1839 3229
153 1993 213 2022 697

243 199 318 239 122
809 204 843 245 1.
871 204 1133 247 TAYLORI

833 417 966 458 CAP.
1000 416 1100 457 VII.

240 527 419 568 Disputatur
434 529 472 559 de
488 530 564 560 Fide
587 531 695 566 libelli,
711 532 761 570 qui
787 532 962 562 inscribitur
986 532 1037 562 Bion
1058 533 1111 560 τῶν
1126 529 1193 560 δέκα
1208 530 1350 570 Ῥητόρων,
1368 534 1398 559 et
1424 529 1585 559 Plutarcho
1602 529 1694 567 vulgo

345 581 530 611 attribuitur.
578 583 769 612 percurritur
787 583 856 612 vita
875 583 1081 622 Antiphontis,
1096 593 1162 621 quae
1177 586 1208 612 et
1224 581 1386 622 aliquoties
1401 582 1587 612 emendatur.

239 663 470 705 chUNQUE
488 666 657 709 antiquos
675 667 874 711 Scriptores
890 667 963 700 sire
981 668 1130 701 Graecos
1149 666 1222 700 sive
1243 667 1394 700 Latinos
1407 665 1551 706 evolvit,
1569 663 1696 707 eisque

238 729 308 752 non
327 720 574 762 indiligentem
601 723 763 756 animum
780 723 946 762 advertit,
965 733 1019 755 nae
1039 721 1097 755 ille
1114 722 1215 755 facile
1232 721 1423 765 intelliget,
1448 720 1562 754 multa
1587 718 1692 752 hodie

237 773 468 815 circumferri,
487 786 569 819 quae
587 775 799 821 Antiquitas
814 788 884 811 non
902 777 1022 815 novit;
1048 780 1085 809 et
1102 777 1228 809 eadem
1246 787 1354 820 opera
1373 775 1560 809 mirabitur
1570 783 1692 807 eorum

237 827 422 862 hominum
441 829 636 871 vesaniam,
660 833 721 875 qui
748 843 832 865 eum
859 831 925 876 ipsi
952 831 1082 864 suerint
1101 831 1196 864 nullo
1214 831 1381 864 acumine
1399 842 1419 864 a
1436 831 1524 864 saece
1549 829 1696 863 Romuli

237 882 392 924 discreti,
413 885 654 918 maximorum
673 887 808 920 interea
827 897 873 919 ex
893 886 989 919 omni
1007 885 1221 930 antiquitate
1247 886 1470 930 ingeniorum
1488 883 1695 929 splendissi-

237 947 295 970 ma
320 939 466 972 nomina
491 941 743 974 ementiantur.
798 941 873 974 Ista
899 941 967 974 tide
995 941 1181 974 nobiscum
1208 940 1292 984 egit,
1320 944 1359 975 ut
1384 940 1544 984 pluribus
1562 939 1697 983 ubique

237 993 349 1036 argui,
364 992 508 1039 ineptus
522 996 673 1040 scriptor
687 996 851 1029 Vitarum
868 996 907 1030 X
924 995 1136 1039 motorum,
1147 1006 1228 1039 quac
1243 995 1309 1029 sub
1327 994 1519 1036 Plutarchi,
1533 997 1570 1027 at
1582 992 1696 1038 quali!

235 1048 381 1082 nomine
410 1050 541 1092 passim
567 1053 745 1083 vaeneunt.
798 1051 890 1083 Nam
910 1051 938 1083 si
958 1052 992 1084 in
1012 1051 1087 1096 ipso
1106 1051 1226 1084 limine
1246 1051 1361 1094 operis
1386 1050 1567 1091 sistamus,
1587 1052 1696 1092 atque

236 1103 281 1136 de
306 1104 381 1138 sola
406 1105 643 1149 Antiphontis
664 1107 745 1148 vita,
769 1107 829 1151 qui
849 1107 1046 1140 Oratorum
1071 1111 1177 1141 aetate
1203 1107 1335 1151 primus
1361 1106 1439 1147 snit,
1463 1104 1617 1150 quaestio
1634 1103 1697 1138 ha-

236 1158 377 1201 beatur,
396 1162 485 1204 quot
504 1160 693 1194 mendacia
711 1162 901 1195 contexuit
919 1162 1164 1205 deglutienda‚
1183 1173 1274 1206 quas
1300 1161 1438 1194 fabulas
1457 1159 1697 1194 mussitandas

234 1225 255 1248 a
270 1215 390 1259 pueris
405 1218 441 1248 et
459 1216 504 1249 ab
527 1216 580 1258 iis,
600 1218 662 1260 qui
680 1218 874 1261 pueriliter,
894 1218 916 1251 i.
934 1229 965 1251 e.
986 1218 1054 1251 levi
1073 1228 1155 1251 cum
1179 1217 1318 1259 Judieio
1342 1215 1578 1250 Plutarchum
1596 1215 1698 1248 lecti-

232 1272 306 1302 tare
333 1271 496 1303 soleant?
524 1270 580 1304 Ne
599 1275 720 1304 autem
739 1283 759 1304 a
777 1283 833 1305 me
857 1273 1201 1317 καταρῥητορευέσθω,
1227 1275 1289 1305 ant
1306 1272 1570 1315 sycophantam
1589 1280 1697 1314 agere

235 1323 368 1366 videar,
383 1325 540 1368 agedum
556 1326 634 1369 lege
655 1337 809 1369 meeum,
827 1328 855 1360 si
873 1328 970 1368 ient,
986 1329 1095 1361 immo
1113 1327 1251 1361 etiamsi
1269 1326 1370 1367 nolit,
1386 1326 1604 1369 experiatur.
1637 1325 1696 1358 Tu

233 1380 368 1420 autem,
388 1391 520 1424 praeCO,
542 1381 596 1414 sac
614 1381 807 1415 Silentium.
858 1384 1023 1423 Ἀκούετε,
1040 1385 1133 1421 λεώς·
1150 1383 1273 1416 Ἀδικεῖ
1289 1382 1521 1425 Πλούταρχος,
1539 1385 1610 1424 περὶ
1627 1385 1695 1413 τῶν

233 1435 308 1467 δέκα
328 1435 478 1479 ῥητόρων
492 1440 513 1468 ἃ
531 1437 559 1468 οἱ
577 1439 739 1480 πρόγονοι
757 1438 852 1481 ἡμῶν
865 1439 1016 1482 ἐνόμιζον
1031 1440 1068 1471 οὐ
1086 1440 1244 1481 νομίζων,
1257 1438 1349 1481 ἕτερα
1367 1438 1399 1470 δὲ
1417 1438 1515 1470 καινὰ
1532 1437 1585 1469 καὶ
1603 1447 1697 1480 τερα·

234 1490 320 1531 τώὂη
338 1491 503 1535 εἰσφέρων,
522 1494 575 1524 καὶ
594 1496 661 1525 τῶν
677 1493 761 1526 νέων
775 1496 836 1532 τὰς
853 1494 1025 1537 ἀκροάσεις
1043 1493 1246 1537 διαφθείρων.
1301 1492 1351 1526 Ut
1366 1492 1475 1535 igitur
1492 1491 1697 1525 distinctius

234 1545 355 1579 omnia
381 1549 417 1579 et
443 1546 636 1580 dilucidius
662 1552 939 1590 cognoscantur,
967 1548 1230 1592 dispiciendum
1258 1550 1313 1580 est
1338 1547 1496 1591 primum
1520 1545 1644 1580 sedulo
1661 1547 1699 1579 et

234 1600 419 1643 sigillatim
438 1601 483 1635 de
501 1602 713 1635 condicione
733 1604 986 1637 nonnullorum
1006 1603 1204 1643 hominum,
1222 1603 1284 1647 qui
1300 1602 1446 1636 nominis
1472 1600 1698 1635 solummodo
1736 1625 1740 1629 .

234 1655 510 1690 ANTIPHONTIS
530 1657 786 1692 communione
812 1659 978 1692 videntur
994 1659 1086 1692 inter
1102 1669 1140 1691 se
1162 1659 1258 1702 ipsos
1274 1669 1351 1692 esse
1368 1657 1572 1701 conjuncti:
1600 1657 1698 1690 unde

234 1711 458 1752 convincam,
478 1722 532 1753 ea,
549 1722 632 1756 quae
650 1712 695 1745 de
713 1713 862 1746 diversis
880 1713 1013 1747 diserte
1028 1714 1072 1746 ab
1090 1712 1481 1757 optimis-scriptoribus
1499 1711 1698 1754 tradantur,

234 1766 279 1799 ad
299 1766 391 1800 hane
408 1771 651 1811 portentosam
666 1768 776 1801 vitam
796 1770 1022 1802 conflandam
1043 1769 1201 1812 undique
1219 1769 1442 1802 convenisse.
1493 1767 1560 1812 (l.)
1581 1768 1701 1802 ΑΝΤΙ-

235 1830 314 1854 ΡΗο
341 1821 477 1865 Sophili
507 1823 549 1855 F.
577 1822 821 1856 Rhamnusius
851 1826 1045 1858 Oratorum
1076 1824 1221 1867 primus.
1271 1824 1516 1867 Tyrannidem
1544 1823 1606 1857 ille
1630 1829 1698 1858 τῶν

235 1876 361 1910 CCCC
381 1877 640 1920 impensissime
659 1878 812 1922 adjuvit,
833 1879 995 1923 adeoque
1015 1890 1034 1911 a
1051 1879 1184 1922 populo
1209 1883 1418 1922 recuperata
1442 1879 1618 1921 libertate,
1638 1880 1701 1913 da-

235 1930 393 1965 mnatus.
419 1931 583 1975 Thueyd.
611 1933 761 1967 Pliotius
792 1935 935 1978 aliique.
987 1935 1064 1968 Nos
1086 1934 1122 1967 in
1143 1934 1217 1967 vita
1244 1934 1362 1977 Lysiae
1390 1945 1425 1978 p.
1445 1935 1578 1969 xxxix.
1598 1946 1698 1980 seqq.

232 1986 301 2030 (2.)
318 1986 497 2021 ΑΝτιΡΗο
528 1988 708 2032 sophista,
735 1989 969 2024 Atheniensis
998 2001 1156 2035 quoque,
1181 2000 1290 2034 quem
1318 1993 1492 2024 memorat
1525 1991 1698 2036 Xenoph.

233 2040 463 2075 Memorabil.
481 2044 511 2075 l.
527 2037 621 2076 eittr.
639 2054 723 2077 cum
742 2045 890 2077 Socrate
908 2046 1092 2089 quondam
1111 2045 1342 2089 disceptasse.
1392 2045 1450 2079 De
1467 2057 1510 2079 eo
1534 2046 1696 2091 Hephae-

233 2096 302 2129 stio
328 2096 607 2138 Grammaticus,
630 2100 721 2135 teste
751 2099 931 2133 Athenaeo
957 2100 980 2132 l.
1008 2102 1063 2134 15.
1085 2101 1385 2135 commentarium
1409 2101 1588 2145 integrum
1612 2103 1699 2136 scri-

234 2152 316 2195 psit,
334 2155 409 2198 περὶ
427 2157 484 2187 τοῦ
503 2157 595 2198 παρὰ
613 2156 807 2198 Ξενοφῶντι
823 2156 1061 2199 Ἀντιφῶντος.
1112 2156 1280 2189 Eundem
1300 2155 1406 2190 fuisse
1420 2156 1697 2201 Antiphontem,

235 2207 296 2251 qul
315 2219 401 2242 cum
418 2209 565 2242 Socrate
583 2208 795 2253 disputavit,
812 2213 922 2255 atque
942 2213 1210 2256 Τερατοσκόπον,
1227 2211 1302 2244 slve
1315 2212 1560 2257 Ὀνειροκρίτην
1578 2224 1599 2247 a
1621 2214 1700 2258 plu-

234 2261 334 2295 rimis
355 2263 542 2297 laudatum
562 2267 714 2298 testatur
732 2265 900 2299 Laertius
918 2266 952 2299 in
972 2268 1118 2300 Socrate
1137 2267 1166 2309 ξ.
1181 2269 1239 2300 46.
1273 2268 1388 2311 Τούτῳ
1406 2265 1576 2313 [Socrati]
1593 2270 1699 2313 ἐφιλο-

235 2319 331 2351 νείκει
348 2319 567 2363 Ἀντιόλοχος
586 2322 746 2365 Λήμνιος,
770 2324 823 2354 καὶ
839 2322 1006 2365 Ἀντιφῶν
1022 2323 1039 2355 ὁ
1063 2324 1319 2365 τερατοσκόπος.
1370 2322 1501 2356 Suldas
1525 2323 1632 2357 etiam
1663 2327 1700 2358 et

236 2376 486 2416 τερατοσκόπου
504 2379 612 2407 vocat
634 2379 671 2409 et
698 2380 871 2419 σοφιστὴν,
897 2380 933 2409 et
955 2377 999 2409 ab
1022 2376 1247 2421 Antiphonte
1277 2377 1501 2411 Rhamnusio
1516 2377 1697 2412 discernit.

234 2427 394 2461 Eosdem
412 2429 580 2462 discernit
598 2430 706 2462 etiam
726 2431 976 2474 Hermogenes
1000 2432 1045 2465 de
1071 2431 1190 2465 formis
1219 2432 1321 2465 Orat.
1347 2432 1367 2464 l.
1385 2435 1418 2465 2.
1469 2434 1612 2472 Πλείους
1635 2436 1698 2478 μὲν

232 2485 413 2527 γεγόνασιν
430 2485 665 2527 Ἀντιφῶντες·
687 2486 744 2519 δύο
768 2487 799 2519 Ee
817 2488 847 2520 οἱ
864 2484 1254 2531 σοφιστεὺσιιντες-ὦν
1270 2485 1317 2526 εἷς
1339 2487 1401 2530 μέν
1418 2488 1509 2521 ἐστιν
1523 2489 1539 2521 ὁ
1553 2488 1695 2534 Ῥἡτωρ·

232 2536 336 2582 οὗπερ
354 2540 382 2572 οὶ
396 2542 520 2582 φονικοὶ
537 2540 691 2583 φέρονται
707 2543 815 2585 λόγοι,
839 2544 892 2575 καὶ
910 2543 1134 2587 δημηγορικοὶ,
1151 2544 1205 2576 καὶ
1222 2543 1293 2575 ὅσοι
1309 2543 1440 2581 τούτοις
1455 2543 1571 2586 ὅμοιοι·
1587 2543 1697 2588 ἕτερος

233 2594 265 2627 δὲ
283 2595 300 2626 ὁ
316 2595 370 2627 καὶ
386 2595 638 2636 Τερατοσκόπος
656 2598 709 2627 καὶ
726 2596 966 2640 Ὀνειροκρίτης
990 2598 1170 2641 λεγόμενος
1195 2597 1359 2642 γενέσθαι,
1386 2594 1490 2642 οὗπερ
1515 2596 1546 2630 οἵ
1562 2611 1596 2631 τε
1622 2601 1697 2643 περὶ

232 2651 297 2689 τῆς
310 2648 490 2689 Ἀληθείας
506 2649 667 2692 λέγονται
683 2652 789 2693 λόγοι,
815 2654 869 2683 καὶ
887 2652 903 2683 ὁ
923 2654 996 2696 περὶ
1013 2653 1202 2696 Ὁμονοίας,
1228 2654 1284 2685 καὶ
1309 2652 1338 2685 οἱ
1362 2652 1574 2696 δημηγορικοὶ
1597 2655 1651 2685 καὶ
1677 2654 1695 2686 ὁ

234 2705 416 2743 πολιτικός.
470 2703 539 2736 Ubi
557 2704 648 2736 male
666 2705 695 2736 οὶ
712 2705 923 2749 δημηγορικοὶ
943 2707 1084 2751 utrique
1102 2708 1361 2747 attribuuntur,
1375 2711 1412 2740 et
1426 2708 1517 2740 male
1535 2718 1694 2752 quoque,

233 2763 275 2794 ut
292 2759 444 2800 videtur,
463 2760 479 2791 ὁ
497 2760 670 2799 πολιτικὸς
689 2760 886 2802 posteriori.
940 2761 997 2793 Ita
1022 2761 1132 2804 igitur
1157 2762 1237 2804 lege
1260 2762 1295 2795 in
1323 2761 1500 2805 superiori
1516 2765 1696 2797 commate

232 2817 287 2849 καὶ
312 2814 524 2858 δημηγορικοὶ
541 2817 595 2846 καὶ
612 2815 629 2846 ὁ
647 2815 832 2853 πολιτικὸς,
850 2817 903 2847 καὶ
933 2815 1004 2848 ὅσοι
1031 2817 1161 2855 τούτοις
1186 2817 1302 2860 ὅμοιοι.
1330 2827 1379 2849 sc.
1398 2819 1632 2861 quotcunque
1649 2818 1696 2852 ad

233 2868 403 2903 Rhetoris
421 2868 575 2902 officium
592 2873 756 2911 spectare
769 2869 949 2902 videntur.
988 2870 1047 2904 Ad
1062 2870 1158 2904 hunc
1172 2870 1437 2913 Antiphontem
1454 2871 1600 2906 omnino
1613 2883 1695 2917 per-

188 2963 192 2971 *
233 2923 334 2966 tinet,
351 2923 449 2968 quod
467 2923 575 2957 habet
589 2922 808 2957 Theodoret.
828 2924 944 2957 serm.
963 2924 1010 2957 vi.
1030 2924 1076 2958 de
1100 2923 1172 2958 Dei
1199 2924 1435 2968 providentia.
1459 2926 1628 2970 Ἀντιφῶν
1649 2928 1695 2969 δὲ,

232 2983 325 3020 τινὸς
341 2981 624 3025 δυσχεράναντος,
645 2982 698 3013 καὶ
716 2980 836 3015 οἰωνὸν
853 2981 992 3024 χαλεπά
1010 2995 1087 3016 τινα
1105 2983 1280 3025 σημαίνειν
1298 2983 1512 3026 νομίσαν-νος,
1534 2983 1586 3016 ὅτι
1610 2983 1632 3024 ἡ
1653 2979 1694 3022 ὗς
