1819 3219
487 211 818 253 LECTHDNES
858 210 1139 252 LYSLACAL
1466 206 1543 248 172

281 321 408 363 Κρὶνετ’
423 322 459 353 ἑν
474 322 690 365 Ἑρμιονεῦσι·
719 323 778 354 τὸν
796 322 827 357 ἐξ
845 320 968 363 ἀγέλης
983 321 1046 363 γὰρ
1065 319 1181 361 ἀφειδῆ

323 378 464 419 Ταῦρον,
481 378 522 408 ὃν
536 378 594 408 οὐκ
611 375 751 419 ἀείρουσ’
769 375 883 417 ἀνέρες
899 374 971 406 οὐδὲ
989 373 1076 413 δέκα,

277 432 403 463 Τοῦτον
417 433 521 473 γραῦς
539 432 716 473 στείχουσα
732 431 819 473 μόνη
836 430 943 473 μόνον
960 429 1078 466 οὔατος
1095 428 1179 460 ἐ’λκει

324 484 420 517 Τόνὸ’
435 486 491 517 ἐπὶ
507 486 636 528 βωμόν·
655 486 671 517 ὁ
689 485 714 516 δ’
731 486 775 523 ὡς
790 483 904 527 ματέρι
922 487 1004 522 παῖς
1020 482 1144 515 ἕπεται.

279 540 346 571 Σὸν
361 539 446 580 τόδε,
465 540 629 583 Δάματερ,
644 542 706 572 σὸν
723 541 760 572 τὸ
780 539 906 577 σθένος,
923 537 1020 576 ἰ’λαος
1037 539 1117 577 ε’ίης,

325 599 391 627 Και
420 596 562 628 πάντων
577 596 700 628 θάλλοι
717 597 839 638 κλᾶρος
855 592 890 627 ἐν
906 594 1072 638 Ἑρμιόνῃ.

95 647 264 692 Sequitur
278 658 312 691 1).
325 651 407 682 256.
424 652 457 682 2.
485 652 627 689 Διοκλῆς
644 650 660 681 ὁ
677 650 823 691 Ζακόρου
841 651 898 681 τοῦ
915 648 1120 691 ἱεροφάντου,
1141 646 1285 683 πάππος
1299 643 1466 687 ἡμέτὲρθς·
1505 642 1547 676 F·

95 702 303 745 legendum,
322 706 465 744 Διοκλῆς
479 706 496 737 ὁ
515 705 696 747 Ζάκορος
723 706 779 737 τοῦ
804 703 1008 747 ἱεροφάντου,
1026 700 1166 735 Diocles
1187 699 1354 739 aeditUUS‚
1378 697 1437 743 qui
1461 696 1550 730 Hie-

95 757 271 802 roplmntoe
298 765 372 792 erat
398 758 438 792 ab
466 758 610 802 qffieiiae
637 769 706 791 non
725 758 863 792 Diocles
881 758 1007 791 Zacori
1026 752 1392 802 Hieroplrantoefilius.
1443 752 1551 787 Ratio

95 812 308 856 suspicionis
325 816 392 854 est,
409 813 579 857 quoniam
600 813 858 857 Hieropbantae
877 814 972 857 apud
992 810 1222 846 Atheniensis
1246 820 1394 843 uxorem
1420 808 1551 841 ducere

96 877 168 900 non
197 867 344 902 licebat.
396 867 548 901 Hieron.
574 867 693 911 Epist.
725 868 769 901 ad
798 868 1006 902 Gerontiam
1037 867 1082 900 de
1108 864 1354 907 Mouogamia.
1383 866 1405 882 “
1420 864 1552 896 Hiero-

95 921 229 965 phanta
257 921 353 965 apud
374 921 537 955 Athenas
562 923 719 956 eviratur
736 925 772 956 et
790 925 925 955 aeterna
942 921 1127 955 debilitate
1145 921 1181 953 fit
1199 918 1354 952 castus.'’
1402 918 1551 960 Origen.

95 988 125 1010 c.
141 977 235 1011 CelS.
255 978 278 1011 l.
295 980 328 1011 7.
358 980 424 1011 Καὶ
444 976 491 1017 εἷς
516 979 577 1022 μέν
595 992 660 1011 που
685 978 763 1022 παρ’
780 979 972 1018 Ἀθηναίοις
988 976 1195 1018 ἱεροφάντης,
1221 975 1292 1007 οὐδὲ
1314 974 1552 1017 πιστευόμενος

98 1033 217 1066 ἑαυτοῦ
235 1035 295 1072 τὰς
313 1034 490 1076 ἀρσενικὰς
508 1033 636 1076 ὀρέξεις,
661 1034 704 1072 ὡς
731 1033 853 1076 Κύριος
877 1033 991 1064 αὐτῶν
1009 1028 1095 1062 εἶναι
1122 1030 1314 1073 δυνάμενος,
1342 1030 1396 1061 καὶ
1419 1031 1551 1072 κρατεῖν

96 1089 209 1120 αὐτῶν
228 1088 272 1126 εἰς
297 1088 378 1119 ’όσον
393 1088 565 1128 βούλεται,
585 1089 796 1124 κωνειασὲεἱς
813 1089 855 1117 τὰ
873 1086 1030 1129 ἀρσενικὰ
1047 1085 1141 1128 μέρη,
1161 1085 1304 1127 καθαρὸς
1321 1081 1408 1116 εἶναι
1423 1085 1551 1127 νομίζε-

97 1157 152 1176 ται
169 1144 253 1186 πρὸς
273 1145 338 1182 τήν
356 1141 601 1185 νενομισμένην
614 1142 699 1184 παρ’
715 1141 907 1180 Ἀθηναίοις
923 1140 1108 1182 ἁγιστείαν.
1156 1139 1318 1172 Pausan.
1336 1139 1372 1171 in
1391 1137 1553 1171 Corinth.

98 1208 127 1230 c·
149 1200 204 1231 14.
232 1200 301 1237 Τῆς
318 1197 348 1229 δὲ
368 1197 498 1235 πόλεως
515 1192 720 1240 [Phliunte]
737 1196 769 1228 αἱ
790 1196 909 1228 Κελεαὶ
936 1194 1035 1227 πέντε
1054 1207 1119 1225 που
1139 1193 1292 1231 σταδίους
1308 1194 1455 1236 μάλιστα
1472 1193 1554 1225 ἁπέ-

97 1265 206 1295 χουσι,
223 1253 276 1285 καὶ
293 1254 334 1295 τῇ
350 1251 499 1294 Δήμητρι
517 1251 662 1283 ἐνταῦθα
689 1250 726 1282 δι’
743 1251 893 1283 ἐνιαυτοῦ
911 1249 1070 1292 τετάρτου
1096 1250 1162 1288 τὴν
1179 1249 1320 1288 τελετὴν
1337 1249 1390 1280 καὶ
1412 1250 1449 1280 οὐ
1467 1249 1552 1280 κατὰ

80 1342 81 1345 ¹
95 1308 168 1346 ἔτος
185 1309 314 1350 ἄγουσι.
332 1306 527 1349 ἱεροφάντης
540 1305 571 1337 δὲ
590 1306 647 1337 οὐκ
663 1306 695 1343 ἐς
709 1307 769 1338 τὸν
780 1305 857 1345 βίον
872 1304 990 1336 πάντα
1006 1303 1245 1335 ἀποδέδεικται·
1260 1304 1345 1335 κατὰ
1361 1302 1392 1335 δὲ
1407 1302 1553 1342 ἑκάστην

97 1364 238 1402 τελετὴν
254 1360 376 1394 ἄλλοτέ
405 1361 497 1392 ἐστιν
520 1361 626 1398 ἄλλος
652 1360 762 1402 σφίσιν
787 1360 926 1402 αἱρετὸς,
951 1358 1194 1401 λαμβάνων,
1219 1359 1263 1396 ἣν
1281 1356 1387 1400 ἐθέλῃ,
1411 1358 1465 1389 καὶ
1490 1369 1555 1399 γυ·

99 1422 233 1461 ναῖκα,
250 1420 305 1452 καὶ
322 1419 427 1450 ταῦτα
452 1418 513 1460 μὲν
530 1416 702 1459 διάφορα
719 1419 787 1448 τῶν
805 1417 840 1448 ἐν
856 1415 1066 1447 Ἐλευσῖνι
1082 1413 1284 1457 ὀνομάζουσι
1300 1411 1338 1453 (l.
1354 1410 1553 1455 νομίζουσι).

98 1472 238 1507 Verum
256 1472 352 1506 enim
370 1481 450 1504 vero
469 1471 568 1504 salva
585 1481 661 1503 esse
681 1472 797 1514 potest
814 1472 850 1502 et
867 1469 975 1502 debet
993 1468 1114 1511 Lysiae
1134 1468 1277 1510 vulgata
1305 1466 1423 1506 lectio,
1442 1476 1557 1510 quon-

98 1527 171 1562 iam
188 1539 233 1562 ex
253 1526 500 1561 monumentis
516 1526 625 1570 hujus
642 1526 766 1571 populi
794 1525 938 1559 aliunde
970 1524 1129 1568 adparet,
1157 1522 1444 1566 Hierophantam
1471 1525 1556 1556 ante

99 1584 306 1627 susceptum
325 1581 577 1615 Pontificatum
595 1584 632 1614 et
650 1592 803 1614 uxorem
820 1581 952 1614 ducere
970 1583 1006 1612 et
1023 1579 1154 1612 liberos
1176 1578 1357 1622 suscipere
1383 1578 1553 1621 potuisse.

100 1637 208 1671 Unde
233 1638 283 1670 ait
309 1637 404 1670 idem
430 1635 580 1669 Hieron.
599 1646 630 1668 c.
647 1635 828 1669 Joviuian.
847 1636 869 1668 l.
901 1637 928 1667 l.
948 1635 1008 1667 fin.
1037 1635 1058 1651 ‘⁶
1076 1634 1341 1677 Hieropllantas
1360 1632 1556 1666 Athenien-

101 1692 194 1725 siuru
213 1702 325 1735 usque
340 1690 443 1724 hodic
457 1690 598 1723 Cicutae
613 1688 806 1722 sorbitione
822 1689 978 1728 castrari,
996 1695 1039 1729 et,
1056 1694 1238 1733 postquam
1253 1686 1289 1720 in
1308 1686 1556 1731 Pontificatum

94 1745 234 1790 fuerint
249 1745 355 1784 elec-ti,
372 1745 464 1778 viros
482 1755 558 1778 esse
576 1743 770 1777 desineres
817 1743 934 1777 Isaeus
951 1743 995 1775 de
1010 1742 1222 1786 Apollodori
1240 1741 1460 1774 hereditate:
1487 1742 1559 1774 Διέ-

102 1804 179 1834 θετο
197 1803 262 1840 τήν
279 1800 409 1839 οὐσίαν,
428 1802 482 1832 καί
499 1800 592 1831 ἔδωκε
610 1802 652 1841 τῇ
669 1800 793 1832 ἐκείνου
810 1801 871 1842 μὲν
890 1800 1041 1841 Θυγατρὶ,
1068 1799 1136 1841 ἐμοὶ
1153 1798 1192 1840 (l.
1211 1796 1307 1840 ἐμοῦ)
1323 1797 1354 1828 δὲ
1371 1798 1482 1840 μητρὶ,
1499 1798 1559 1829 αὐ-

104 1859 161 1889 τοῦ
177 1856 208 1888 δὲ
223 1856 359 1899 ἀδελφῇ,
379 1855 484 1893 διδοὺς
500 1856 609 1894 αὐτὴν
626 1854 814 1897 Λακρατίόῃ
832 1856 879 1896 τῷ
897 1856 961 1885 νῦν
975 1853 1170 1895 Ἱεροφάντῃ
1188 1851 1410 1895 γεγενημένῳ.
1438 1851 1559 1894 Atque

104 1908 180 1943 haec
196 1909 383 1944 haetenus.

716 2090 960 2131 CAP.IX.

110 2205 285 2236 Indicantur
301 2206 363 2235 duo
379 2205 477 2235 fontes
494 2205 680 2239 mendarum,
698 2204 809 2244 quibus
832 2209 929 2235 scatet
950 2204 1140 2234 Glossarium
1165 2203 1406 2242 Hesychianum.
1454 2203 1567 2232 Emen·

131 2281 142 2294 x
375 2257 465 2286 datur
480 2256 637 2295 octoginta
652 2256 776 2286 circiter
790 2258 819 2286 in
837 2257 924 2286 locis.
968 2257 1115 2286 Teutatur
1132 2256 1298 2284 Homerus.

110 2348 264 2382 MEM1N1
282 2357 341 2380 me
360 2346 405 2380 ad
422 2346 616 2380 orationem
637 2347 753 2387 istam,
771 2358 852 2391 quae
870 2347 1076 2381 inscribitur
1104 2349 1178 2391 περὶ
1203 2351 1265 2387 τῆς
1293 2347 1463 2391 Εὐάνδρου
1486 2347 1568 2380 δοκι-

109 2405 244 2448 μασίας,
262 2413 295 2446 p.
316 2404 395 2436 800.
414 2402 479 2434 ult.
493 2401 551 2435 ed.
569 2401 613 2434 R.
631 2402 861 2435 admonuisse
879 2402 1104 2445 Hesyeliium
1123 2401 1254 2445 pluries
1269 2401 1451 2435 emendari
1468 2411 1570 2445 posse

109 2458 220 2492 unico
248 2457 440 2490 medicinae
468 2467 611 2499 genere.
663 2456 743 2489 Non
771 2460 806 2489 te.
833 2457 930 2496 latet,
958 2457 1005 2490 mi
1030 2457 1153 2497 lector,
1179 2456 1337 2496 initialis,
1362 2459 1404 2490 ut
1425 2458 1569 2498 vocant,

110 2513 310 2547 dictionum
337 2511 456 2544 literas
479 2511 514 2543 in
532 2521 751 2555 unoquoque
771 2512 872 2544 istius
889 2510 1141 2555 Glossographi
1160 2511 1313 2545 articulo
1329 2510 1382 2545 vel
1399 2522 1420 2545 a
1436 2511 1570 2545 descri-

67 2598 70 2600 ,
109 2569 219 2603 bente
236 2576 498 2610 nonnunquam
517 2565 671 2609 relinqui
697 2565 807 2599 minio
832 2567 916 2599 olim
945 2566 1154 2609 pingendas,
1182 2566 1276 2609 quod
1303 2566 1455 2599 minium
1483 2577 1570 2599 casu

111 2623 230 2666 aliquo
245 2622 346 2666 pingi
364 2621 624 2664 negligebatur,
640 2619 759 2654 velita
775 2620 930 2654 tenuiter
947 2621 1101 2661 exarari,
1120 2624 1159 2654 ut
1176 2621 1368 2664 aliquando
1384 2621 1568 2654 literarum

112 2677 244 2710 ductus
263 2676 319 2709 vel
337 2675 506 2718 Lynceos
523 2674 647 2708 oeulos
664 2675 848 2718 effugeret.
899 2676 1050 2709 Constat
1074 2679 1170 2709 certe
1198 2677 1249 2709 ita
1266 2675 1467 2716 evanuisse,
1486 2686 1569 2709 cum

111 2732 434 2776 descriptor‘stpag,
453 2731 533 2764 loco
551 2734 608 2764 τοῦ
635 2732 769 2775 τέρας,
794 2735 930 2775 σημεῖον
948 2731 1130 2775 exposuit,
1146 2736 1182 2764 et
1202 2732 1320 2764 locum
1341 2734 1414 2764 tam
1435 2730 1571 2772 magni-

112 2789 190 2828 fico,
203 2790 276 2820 tam
294 2786 442 2831 pulchre
460 2789 576 2819 coctae
600 2786 728 2827 glossae
754 2787 854 2819 dedit
880 2787 971 2820 inter
989 2797 1107 2825 voces
1126 2797 1207 2830 quae
1226 2786 1270 2818 ab
1292 2786 1310 2819 I
1336 2785 1570 2829 incipiebant.

114 2842 292 2877 Dubitare
308 2851 366 2875 me
390 2851 461 2873 non
483 2840 568 2873 sinit
591 2840 788 2874 doctissimi
814 2844 851 2873 et
876 2841 965 2885 (sive
991 2841 1131 2884 privata
1157 2840 1274 2873 officia
1300 2840 1468 2879 recolam,
1496 2840 1571 2873 sive

111 2897 259 2944 publica
281 2896 319 2928 in
349 2896 436 2929 Rem
462 2895 655 2929 literariam
683 2895 828 2940 merita)
855 2907 1039 2940 nunquam
1058 2907 1078 2929 a
1097 2907 1152 2929 ine
1181 2896 1268 2928 satis
1294 2894 1517 2938 praedicandi
1536 2895 1568 2928 I.

114 2949 518 2987 AlbertiHarlemensis
543 2950 807 2994 spectatissima
833 2951 986 2991 solertia,
1010 2951 1096 2994 quin
1125 2948 1331 2992 Hesychius
1353 2947 1428 2990 jam
1455 2949 1499 2982 ab
1527 2960 1569 2983 eo

115 3007 213 3053 prelo
238 3004 519 3038 committendus
548 3007 584 3037 et
612 3005 813 3039 istiusmodi
842 3005 1064 3039 curationem
1092 3007 1129 3037 et
1153 3013 1235 3036 mea
1261 3003 1395 3037 monita
1418 3003 1567 3038 minime
