1819 3219
498 202 831 247 LECTHJNES
868 203 1152 245 LYSIACAJ
1477 202 1551 244 111

717 358 938 400 CAP.V.

98 442 285 473 Andocides.
333 441 526 472 Pei-curritur
549 441 617 479 ejus
645 440 719 470 vita.
765 439 951 470 Plutarchus
984 438 1014 469 in
1046 437 1206 468 Andocide
1230 435 1344 476 saepius
1369 436 1558 466 emendatur.

140 493 315 534 Stephanus
328 493 399 522 item
418 491 606 531 Byzantinus
623 497 656 521 et
669 492 789 531 NepoS.
835 492 905 520 Mos
921 489 1167 521 Atheniensium.
1212 488 1435 517 Romanorum.
1479 488 1558 517 Item

142 544 232 575 alius.
277 542 393 584 Πωςίνου
410 542 527 574 Σελίνου.

100 613 158 646 Ex
178 613 336 647 Xviratu
355 613 547 646 Oratorum
569 612 707 645 nullum
723 610 1128 654 aetanmonjunctiorem
1149 608 1276 641 habuit
1294 606 1433 650 Lysias,
1449 616 1559 649 quain

98 667 342 708 Andocidem,
360 678 512 712 quorum
531 668 725 711 utriusque
742 666 923 700 orationes
935 666 1150 699 adversariae
1169 665 1326 706 ἀσεβείας
1349 661 1465 694 adhuc
1487 671 1560 692 scr-

98 726 241 756 vantur.
290 724 426 756 Exstat
458 723 581 756 Nostri
609 733 691 766 pag.
724 721 892 755 editionis
922 720 1096 765 Stephan.
1126 721 1205 760 103,
1239 720 1293 751 17.
1344 715 1558 756 Andocidis,

99 776 199 810 Edit.
217 777 340 820 Steph.
360 777 552 811 Oratorum
565 778 776 811 Graecorum
796 788 830 820 p.
852 779 883 809 1.
903 775 1052 809 secundi
1071 774 1268 807 tmematis.
1297 773 1508 806 Pcrcurram
1522 769 1557 803 in

99 831 260 875 h.capite
276 833 386 865 vitam
404 832 618 871 Andocidis,
632 836 708 866 tum
727 833 773 866 de
791 831 859 865 tide
878 831 1149 870 nonnullorum,
1166 838 1249 873 quae
1274 826 1324 860 illi
1342 825 1448 859 hodic
1466 824 1559 858 adsi-

98 888 266 927 gnantur,
296 897 414 930 pauca
446 886 650 930 disputabo,
675 885 805 919 deinde
828 885 874 918 ad
892 887 1014 918 cetera
1041 893 1201 927 pergam.
1252 881 1496 923 Quaecunque
1514 878 1560 912 dc

98 938 291 974 Andocide
308 940 508 985 prodiderit
525 940 744 974 Plutarchus
762 941 797 973 in
812 940 932 973 libello
950 939 994 973 de
1013 939 1093 972 vitis
1111 938 1148 972 X
1172 938 1380 978 Oratorum,
1398 947 1441 969 ea
1460 937 1561 968 tar-ita

99 992 170 1027 fide
193 995 411 1038 expresserit
438 995 600 1035 Photius‚
619 997 659 1028 ut
681 994 777 1028 hunc
802 994 846 1027 ab
870 993 934 1026 illo
956 992 1186 1026 commodato
1204 992 1388 1035 accepisse
1406 989 1557 1023 dixeris,

100 1047 145 1081 In
161 1059 204 1081 ea
221 1050 344 1082 tamen
360 1050 541 1083 sententia
556 1060 627 1083 non
651 1060 743 1088 sum,
761 1048 939 1092 etjudico
955 1048 1076 1092 potius
1093 1047 1314 1091 Sophistam‚
1340 1045 1402 1090 qui
1416 1045 1560 1078 Plutar-

98 1102 207 1136 chum
224 1104 391 1138 simulare
409 1106 533 1145 voluit,
551 1105 779 1138 historiarum
794 1114 939 1136 suarum
963 1105 1213 1144 monumenta,
1230 1111 1425 1144 rerumque
1442 1103 1559 1143 gesta·
1577 1096 1643 1126 689

101 1168 179 1191 rum
193 1159 298 1192 fidem
315 1170 336 1192 a
356 1159 484 1193 Photio
501 1160 729 1193 emendicare
747 1161 914 1192 coactum
928 1168 1018 1198 esse,
1035 1158 1098 1202 qui
1115 1158 1213 1190 solus
1232 1167 1273 1189 eo
1288 1158 1449 1199 tempore
1465 1165 1560 1188 com-

98 1214 315 1247 mentarium
333 1213 378 1247 de
396 1215 468 1247 vita
494 1214 687 1248 Oratorum
703 1214 948 1257 conscriptum
965 1211 1103 1246 habuit.
1154 1211 1351 1254 Utcunque
1369 1210 1475 1243 cedat
1494 1209 1562 1243 ista

98 1268 284 1310 divinatio,
304 1268 430 1301 lectori
447 1268 595 1302 fortasse
611 1279 693 1302 meo
713 1279 784 1302 non
799 1267 1017 1312 displicebit,
1034 1267 1062 1300 si
1080 1266 1202 1310 bigam
1219 1266 1327 1299 istam
1345 1263 1565 1306 historicam,

99 1326 140 1357 ut
154 1323 290 1368 pariter
308 1323 382 1365 fiat,
399 1334 645 1368 procurarem.
696 1323 796 1358 Hem
813 1324 820 1358 !
850 1322 990 1367 accipe.

634 1444 1044 1487 PLUTARCHUS

362 1538 469 1572 Toni.
489 1537 620 1572 Mon-al.
639 1537 742 1571 Edit.
759 1538 880 1571 Graec.
897 1538 984 1573 Bas.
1000 1539 1104 1572 1574.
1123 1547 1208 1581 pag.
1227 1538 1308 1571 448.

143 1609 339 1651 Ἀνδοκίδης
366 1612 537 1655 Λεωγόρου
562 1613 624 1655 μὲν
650 1608 694 1651 ἦν
718 1613 860 1655 πατρὸς,
886 1612 945 1644 τοῦ
974 1610 1111 1654 θεμένου
1139 1612 1219 1643 ποτὲ
1247 1611 1333 1654 πρὸς
1362 1606 1568 1652 Λακεδαιμο-

98 1666 191 1704 νίους
205 1665 561 1708 εἰρήνηνἈΞήναίοις,
579 1668 640 1698 τὸν
655 1666 764 1709 δῆμον
776 1665 807 1698 δὲ
819 1665 1059 1705 Κυδαθήναιος
1070 1667 1090 1705 ἢ
1110 1666 1265 1707 Θουρεὺς,
1282 1664 1400 1707 γένους
1409 1664 1567 1706 εὐπατρι-

99 1719 178 1757 δῶν,
190 1720 234 1758 ὡς
247 1719 492 1759 δὲ(Ελλάνικος
503 1722 557 1752 καὶ
569 1721 639 1753 ἀπὸ
653 1720 789 1763 Ἑρμοῦ,
805 1721 945 1760 καθήκει
957 1722 1021 1763 γὰρ
1038 1720 1084 1759 εἰς
1097 1721 1204 1752 αὐτὸν
1219 1721 1257 1751 τὸ
1276 1718 1441 1761 Κηρύκων
1459 1717 1568 1760 γένος.

99 1775 148 1808 διὸ
161 1777 217 1808 καὶ
233 1778 467 1819 προεχειρίσθη
482 1778 563 1808 ποτὲ
580 1778 663 1819 μετὰ
687 1775 900 1814 Γλαύκωνος,
915 1777 980 1807 σὺν
996 1775 1119 1807 ναυσὶν
1140 1774 1241 1806 εἴκοσι
1253 1774 1468 1816 Κερκυραίοις
1483 1772 1568 1813 βοη-

99 1831 225 1870 Οήσων,
242 1831 485 1874 διαφερομένοις
500 1833 584 1874 πρὸς
601 1831 816 1873 Κορινθίους.
831 1831 916 1873 μετὰ
935 1829 967 1861 δὲ
983 1832 1092 1861 ταῦτα
1110 1829 1268 1866 αἰτιαθεὶς
1283 1827 1432 1868 ἀσεβεῖν,
1452 1827 1496 1864 ὡς
1513 1827 1569 1859 καὶ

99 1886 203 1924 αὐτὸς
215 1887 292 1924 τοὺς
307 1886 431 1929 Ἑρμᾶς
449 1885 646 1929 περικόψας,
664 1887 719 1917 καὶ
736 1885 781 1924 εἰς
796 1886 838 1917 τὰ
858 1887 921 1924 τῆς
938 1884 1115 1928 Δήμητρος
1136 1882 1297 1927 ἁμαρτὼν
1316 1882 1496 1925 μυστήρια,
1515 1881 1569 1914 διὰ

99 1941 138 1973 τὸ
159 1941 326 1984 πρότερον
342 1941 536 1973 ἀκόλαστον
558 1941 655 1979 ὄντα,
672 1939 804 1984 νύκτωρ
820 1939 1039 1982 κωμάσαντα,
1059 1939 1203 1982 θραῦσαί
1221 1951 1252 1970 τι
1264 1940 1333 1970 τῶν
1359 1936 1570 1980 ἀγαλμάτων

99 1998 158 2028 τοῦ
173 1996 258 2035 Θεοῦ,
279 1997 333 2028 καὶ
350 1995 622 2038 εἰσαγγελθέντα,
640 1994 753 2035 ἐπειδὴ
773 1995 833 2027 οὐκ
851 1994 1028 2037 ἠβουλήθη
1043 1996 1084 2026 ὃν
1096 1993 1238 2033 ἐζήτουν
1255 1992 1284 2024 οἱ
1297 1992 1479 2035 κατήγοροι
1495 1990 1570 2023 δοῦ-

99 2051 162 2082 λον
178 2050 340 2090 ἐκδοῦναι,
357 2050 596 2092 διαβληθῆναι,
627 2051 682 2082 καὶ
699 2051 787 2092 πρὸς
799 2051 866 2090 τὴν
881 2050 995 2082 αἰτίαν
1014 2051 1076 2088 τῆς
1093 2048 1248 2091 δευτέρας
1265 2049 1396 2091 γραφῆς
1413 2047 1571 2078 ὕποπτον

101 2104 267 2147 γενέσθαι.
286 2107 331 2145 ἣν
346 2105 415 2148 μετ’
433 2106 471 2137 οὐ
496 2106 609 2137 πολὺν
627 2105 754 2147 χρόνον
771 2107 829 2137 τοῦ
847 2105 902 2136 ἐπὶ
918 2105 1074 2137 Σικελίαν
1103 2104 1227 2137 στόλου
1255 2102 1381 2144 συνέβη
1401 2101 1570 2146 γενέσθαι,

103 2160 291 2201 Κορινθίων
307 2159 569 2202 εἰσπεμψάντων
585 2160 788 2198 Λεοντίνους
802 2172 836 2192 τε
851 2160 905 2191 καὶ
921 2159 1143 2203 Αἰγεσταίους
1154 2157 1279 2202 ἄνδρας
1289 2157 1355 2201 ἰδίᾳ
1370 2157 1571 2200 μελλόντων

99 2214 238 2255 βοηθεῖν
252 2215 367 2253 αὐτοῖς
383 2218 452 2247 τῶν
473 2215 684 2255 Ἀθηναίων,
711 2215 842 2259 νύκτωρ
866 2216 944 2253 τοὺς
961 2216 1037 2259 περὶ
1052 2216 1118 2254 τὴν
1134 2214 1264 2257 ἀγορὰν
1281 2213 1408 2257 Ἑρμᾶς
1425 2212 1571 2256 περιέκο-

101 2267 187 2310 ψαν,
213 2268 256 2306 ὡς
274 2268 478 2312 Κράτιππός
495 2276 585 2312 φησι.
612 2269 862 2313 προσαμαρτὼν
876 2269 1057 2313 μυστήρια,
1072 2269 1191 2311 κριθείς
1207 2280 1241 2300 τε
1258 2268 1314 2300 ἐπὶ
1337 2267 1469 2306 τούτοις
1486 2266 1570 2300 ἀπέ-

100 2330 206 2366 φυγεν
231 2324 289 2355 ἐπὶ
315 2326 365 2366 τῷ
380 2324 544 2368 μηνύσειν
561 2325 639 2362 τοὺς
661 2323 874 2362 ἀδικοῦντας·
901 2323 1057 2363 σπουδὴν
1074 2323 1107 2355 δὲ
1133 2324 1252 2354 πᾶσαν
1268 2321 1502 2365 ἐνεγκάμενος,
1519 2321 1572 2357 ἐξ·

101 2381 172 2423 εὗρε
189 2381 267 2418 τοὺς
280 2380 355 2423 περὶ
371 2381 414 2412 τὰ
430 2379 500 2422 ἱερὰ
516 2378 791 2422 ἁμαρτάνοντας,
813 2379 852 2411 ἐν
867 2375 919 2417 οἷς
936 2379 991 2411 καὶ
1009 2380 1071 2411 τὸν
1083 2378 1186 2411 αὑτοῦ
1200 2377 1330 2420 πατέρα
1341 2376 1498 2419 ἐμήνυσε,
1517 2376 1572 2408 καὶ

103 2435 182 2473 τοὺς
196 2437 258 2477 μὲν
272 2435 400 2474 ἄλλους
418 2434 554 2473 πάντας
571 2433 710 2477 ἐλέγξας
727 2434 885 2473 ἐποίησεν
902 2432 1107 2466 ἀπολέσθαι·
1122 2435 1183 2465 τὸν
1201 2431 1234 2464 δὲ
1253 2430 1382 2474 πατέρα
1395 2430 1572 2474 έῤῥύσατο,

101 2490 208 2522 καίτοι
223 2487 395 2534 δεδεμένον
411 2489 489 2529 ἤδη,
507 2489 745 2532 ὑποσχόμενος
762 2490 877 2520 πολλὰ
893 2487 1131 2527 λυσιτελήσειν
1146 2487 1253 2519 αὐτὸν
1267 2489 1311 2530 τῇ
1323 2486 1432 2526 πόλει,
1446 2487 1499 2517 καὶ
1512 2486 1571 2516 οὑκ

101 2543 279 2587 ἐψεύσατο.
304 2545 423 2588 ἤλεγξε
442 2545 506 2588 γὰρ
525 2544 541 2576 ὁ
561 2544 736 2586 Λεωγόρας
761 2544 911 2581 πολλοὺς
928 2543 1069 2586 δημόσια
1091 2542 1255 2585 χρήματα
1274 2540 1571 2584 σφετεριζομένους,

101 2599 157 2630 καὶ
173 2599 264 2630 ἄλλα
280 2600 357 2631 τινὰ
373 2598 584 2637 ἀδικοῦντας.
601 2600 656 2630 καὶ
669 2597 722 2630 διὰ
735 2599 797 2640 μὲν
817 2599 925 2630 ταῦτα
943 2598 1061 2640 ἀφείθη
1080 2600 1145 2636 τῆς
1162 2597 1284 2634 αἰτίας.
1306 2595 1488 2638 εὐδοκιμῶν
1505 2594 1536 2626 δὲ
1553 2593 1570 2624 ὁ

100 2649 296 2692 Ἀνδοκίδης
311 2653 366 2685 ἐπὶ
383 2655 453 2692 τοῖς
466 2651 748 2695 πολιτευομένοις,
767 2651 901 2684 ἐπέθετο
915 2653 1102 2695 ναυκληρίᾳ
1119 2653 1174 2684 καὶ
1192 2654 1262 2690 τοῖς
1278 2664 1313 2683 τε
1326 2651 1489 2694 Κυπρίων
1505 2650 1570 2690 βα-

104 2709 231 2740 σιλεῦσι
258 2709 314 2740 καὶ
341 2710 484 2747 πολλοῖς
511 2709 628 2747 ἄλλοις
657 2707 803 2750 δοκίμοις
828 2708 1030 2747 ἐπεξενώθη,
1045 2707 1099 2740 ὅτε
1115 2708 1172 2740 καὶ
1192 2708 1277 2750 μίαν
1295 2710 1365 2738 τῶν
1392 2703 1572 2737 πολιτίδων

102 2760 306 2805 Ἀριστείδου
320 2762 486 2806 θυγατέρα
503 2762 649 2804 ἀνεψιὰν
671 2758 778 2794 οὖσαν
805 2763 910 2805 αὐτῷ,
934 2762 1044 2805 λάθρα
1058 2765 1127 2794 τῶν
1142 2761 1270 2793 οἰκείων
1283 2758 1460 2802 ἐξαγαγὼν
1474 2758 1572 2799 ἔπεμ-

104 2816 146 2858 ψε
163 2816 268 2860 δῶρον
289 2820 337 2860 τῷ
353 2818 516 2860 Κυπρίων
531 2817 678 2858 βασιλεῖ.
706 2816 841 2860 μέλλων
868 2816 899 2848 δὲ
927 2817 982 2848 ἐπὶ
1009 2815 1142 2855 τούτοις
1163 2815 1210 2853 εἰς
1236 2814 1450 2856 δικαστήριον
1481 2811 1571 2844 εἰσά-

105 2872 230 2910 γεσθαι,
244 2872 350 2904 πάλιν
367 2873 478 2911 αὐτὴν
491 2871 664 2914 ἐξέκλεψεν
686 2871 757 2904 ἀπὸ
774 2874 836 2910 τῆς
853 2871 1008 2914 Κύπρου,
1021 2872 1076 2903 καὶ
1092 2872 1227 2913 ληφθεὶς
1243 2871 1309 2901 ὑπὸ
1333 2869 1390 2900 τοῦ
1406 2865 1574 2908 βασιλέως

105 2925 212 2965 ἐδέθη.
230 2925 363 2968 διαδρὰς
381 2926 413 2958 δὲ
431 2923 511 2966 ἧκεν
528 2927 573 2965 εἷς
601 2929 667 2966 τὴν
682 2927 798 2967 πόλιν,
824 2925 896 2958 καθ’
912 2928 953 2958 ὃν
969 2926 1097 2968 χρόνον
1111 2926 1139 2957 οὶ
1153 2924 1359 2967 τετρακόσιοι
1383 2921 1513 2953 διεῖπον
1530 2918 1587 2953 τὰ’

109 2980 304 3024 πράγματα,
322 2980 423 3020 δεθεὶς
438 2981 468 3013 δὲ
483 2982 550 3014 ὑπὸ
565 2981 697 3014 τούτων
715 2983 769 3014 καὶ
786 2980 954 3024 διαφυγὼν
972 2977 1079 3021 αὖθις,
1096 2980 1198 3013 ὁπότε
1216 2977 1385 3016 κατελύθη
1403 2976 1424 3017 ἡ
1439 2977 1573 3020 ὀλιγαρ-
