1819 3219
637 189 967 230 PRAEFATlo.
1500 194 1524 233 5

81 295 291 346 phistarum
315 293 535 331 umbratiles
561 295 730 344 μελέτας,
758 293 947 343 sequioris
977 294 1047 330 aevi
1069 294 1127 331 vel
1148 296 1443 335 exercitationes
1464 298 1525 335 vel

79 356 372 400 oblectamenta,
391 367 532 404 magno
551 367 640 392 cum
661 354 855 392 molimine
881 354 1117 406 refingimus.
1172 356 1262 393 Non
1282 357 1524 397 diffitendum

76 422 134 456 est
154 416 271 454 multa
293 416 469 466 genuinae
499 416 751 466 Antiquitatis
779 422 1021 454 monumenta
1052 417 1141 454 ideo
1174 423 1325 455 aetatem
1357 432 1433 457 non
1463 426 1524 458 tu-

75 479 178 523 lisse,
212 477 318 527 quod
351 478 573 515 Censoriam
606 478 708 516 obeli
738 485 868 516 notam
900 479 1086 517 sustinere
1118 481 1382 530 nequiverant.
1439 482 1525 520 Cir-

75 539 390 579 cumferebantur
411 540 500 577 olim
523 540 729 578 Orationes
750 541 875 592 Lysiae
903 547 983 579 400
1012 547 1052 579 et
1080 542 1186 591 quod
1216 544 1387 581 excurrit
1409 544 1526 594 juxta

77 602 326 640 Plutarchum
352 608 391 640 et
416 602 622 640 Photium:
655 602 829 652 plurimae
856 616 948 640 saue
982 616 1027 640 ex
1062 609 1187 642 mente
1213 605 1525 655 gravissimorum

78 663 361 714 Scriptorum*
415 663 652 702 Jamdudum
684 671 811 702 autem
844 671 916 710 est,
944 664 1048 715 quod
1081 667 1394 715 conquerebatur
1425 668 1526 705 Pho·

77 726 153 764 tius
164 726 327 764 Paulum
341 726 513 776 Mysium
528 726 665 764 multas
679 732 718 764 et
730 727 1040 776 praeclarissimas
1053 739 1121 764 sua
1137 727 1236 765 Crisi
1251 729 1490 767 exstinxisse.
1500 734 1524 771 1-

77 787 287 826 Homerica
312 788 440 825 omnia
469 793 587 837 atque
617 801 676 832 ea,
708 801 795 838 quae
817 800 887 838 pro
907 787 1122 826 Homericis
1143 790 1392 828 ostentabant
1410 793 1525 829 variae

77 850 325 900 antiquorum
345 850 519 895 ἐκδόσεις,
542 850 696 900 penitus
715 850 793 888 fere
813 851 1053 897 interierunt,
1073 851 1245 901 exeeptis
1265 851 1324 899 iis,
1346 866 1435 903 quae
1452 866 1525 904 po-

77 911 244 950 steritati
261 911 504 950 consecravit
517 925 560 949 ea
577 912 657 950 sola
672 912 814 958 Editio,
829 924 916 962 quae
931 920 1080 950 ceteras
1096 925 1227 951 omnes
1240 914 1406 952 vivendo
1419 915 1526 960 vicit,

76 972 350 1023 cujuscunque
371 973 525 1012 demum
546 975 608 1021 sit,
628 973 823 1012 Zenodoti
843 979 947 1011 certe
967 986 1044 1011 non
1064 981 1136 1020 est,
1158 975 1272 1025 cujus
1288 976 1420 1016 Editio
1441 978 1525 1016 Ho-

73 1035 216 1073 merica
234 1035 283 1073 ab
297 1036 478 1086 Antiquis
498 1035 844 1074 commendabatur
861 1035 1039 1083 maxime,
1055 1036 1372 1087 quandoquidem
1392 1039 1525 1090 plures

75 1111 219 1143 versus,
238 1110 337 1148 quos
358 1099 420 1136 ille
441 1099 554 1137 obelo
573 1099 732 1144 notavit,
754 1098 868 1136 hodie
887 1098 925 1135 in
944 1097 1098 1148 vulgata
1114 1099 1323 1139 habemus:
1345 1114 1422 1140 non
1442 1104 1527 1142 Ari-

75 1161 233 1207 starchi,
253 1161 319 1211 qui
340 1161 513 1200 Ulixeam
534 1161 749 1199 terminavit
764 1161 851 1199 libri
871 1161 1074 1212 penultimi
1089 1176 1124 1201 v.
1145 1166 1237 1200 296.
1259 1163 1363 1202 hisee
1383 1166 1513 1205 verbis

365 1251 407 1286 ’A
417 1248 565 1287 σπάσιοι
585 1251 751 1299 λέκτροιο
770 1252 933 1287 παλαιοῦ
954 1248 1095 1300 θεσμὸν
1113 1250 1249 1288 ἵκοντο.

75 1337 194 1381 Quod
217 1337 306 1375 ideo
327 1335 510 1374 libentius
530 1348 806 1381 commemoro,
830 1335 920 1386 quia
942 1336 1114 1374 nonnulli
1136 1350 1212 1374 non
1234 1338 1434 1378 intellecto
1450 1340 1527 1379 hoc

74 1412 182 1436 more
199 1398 408 1447 Majorum,
430 1409 675 1447 quaecunque
692 1410 738 1434 ex
755 1398 930 1434 Homero
950 1397 1000 1434 ab
1020 1397 1306 1448 antiquioribus
1327 1401 1528 1451 scriptori—

76 1461 147 1499 bus
166 1460 330 1510 allegata
352 1459 560 1509 reperiant,
579 1458 646 1508 qui
662 1458 745 1496 aliis
758 1464 876 1508 atque
890 1459 976 1496 aliis
993 1459 1284 1498 recensionibus
1304 1463 1527 1511 utebantur,

75 1535 120 1560 ea
134 1522 182 1560 ad
199 1534 370 1572 praesens
390 1520 588 1558 Homerici
608 1520 797 1570 poematis
817 1526 982 1571 systema
1003 1527 1148 1559 temere
1168 1523 1422 1572 agglutinant.
1463 1527 1529 1565 In-

76 1582 293 1622 consultius
314 1582 471 1632 quidem
500 1581 588 1626 hoc,
618 1588 657 1618 et
687 1581 793 1618 nullo
824 1594 911 1619 cum
940 1581 1117 1620 acumine
1151 1582 1372 1623 admissum.
1429 1587 1528 1626 Cum

77 1645 153 1682 hoc
178 1657 254 1681 non
275 1650 375 1681 esset
397 1644 622 1689 Homerum,
643 1642 709 1680 sed
742 1648 946 1680 centonem
978 1643 1161 1682 exhibere
1190 1658 1237 1682 ex
1268 1645 1425 1684 diversis
1446 1649 1530 1687 Ho-

77 1705 171 1744 meri
194 1705 483 1744 recensionibus
503 1703 826 1741 consarcinatum.
884 1704 1027 1741 Verum
1048 1704 1241 1755 singulare
1261 1707 1407 1757 aliquid
1429 1723 1528 1747 sem-

77 1781 148 1817 per
172 1767 309 1806 habuit
332 1766 493 1804 Homeri
523 1766 694 1803 fortuna.
751 1765 877 1803 Nemo
902 1765 983 1804 fere
1020 1779 1067 1804 ex
1103 1767 1387 1818 antiquioribus
1413 1773 1529 1821 paulo

78 1829 244 1875 doctior,
267 1828 335 1879 qui
354 1828 403 1865 ad
423 1828 521 1865 illius
542 1826 847 1877 recognitionem
867 1839 942 1864 non
965 1828 1148 1868 accessit:
1167 1842 1280 1867 nemo
1298 1832 1464 1870 vicissim
1481 1847 1528 1872 ex

79 1890 312 1937 Neotericis,
342 1902 456 1939 quem
483 1901 570 1926 vere
601 1888 788 1925 Criticum
815 1888 945 1926 dicere
976 1889 1115 1938 possis.
1173 1891 1262 1929 Sive
1284 1892 1322 1930 id
1344 1893 1528 1943 plurimo-

79 1966 164 1991 rum
183 1952 448 2003 praestantium
469 1951 635 1988 virorum
655 1950 926 2000 desperatione
946 1949 1092 1989 factum
1113 1952 1176 1997 sit,
1205 1953 1285 1991 sive
1307 1956 1430 2004 (quod
1453 1956 1530 1995 for-

78 2020 187 2052 tunet
208 2014 420 2051 Literarum
437 2011 556 2063 siquis
577 2012 624 2050 sit
637 2012 822 2060 Genius!)
838 2019 1029 2050 reservata
1047 2013 1164 2052 fuerit
1177 2028 1219 2052 ea
1236 2015 1348 2054 famae
1363 2024 1402 2055 et
1418 2025 1531 2057 aeter-

79 2075 209 2114 nitatis
237 2074 410 2113 conditio
436 2087 583 2111 summo
616 2073 678 2111 isti
704 2074 800 2120 viro,
829 2075 896 2124 qui
918 2074 1144 2113 incredibili>
1165 2076 1359 2116 literarum
1387 2080 1531 2119 lumine

79 2150 249 2188 praesens
277 2135 460 2173 saeculum
489 2133 651 2179 ornavit,
672 2139 710 2171 et
730 2133 1014 2173 immortalibus
1037 2135 1234 2175 beneficiis
1255 2138 1383 2178 futura
1403 2142 1532 2180 omnia

79 2197 354 2236 demerebitur.

134 2261 187 2297 Ut
207 2259 254 2297 ad
277 2257 428 2309 Lysiam
448 2262 630 2308 revertar,
649 2257 734 2307 quis
755 2257 818 2294 ille
843 2258 982 2295 Paulus
1002 2259 1041 2296 ἐκ
1064 2259 1232 2305 Μυσίας,
1260 2262 1366 2311 quali
1386 2263 1531 2315 lingua,

82 2336 160 2373 qua
180 2321 404 2360 conditione
430 2327 469 2357 et
497 2325 611 2357 aetate
641 2332 731 2357 usus
751 2327 821 2366 est,
843 2320 955 2358 albus
973 2333 1021 2358 an
1042 2329 1137 2367 ater,
1159 2321 1259 2372 frugi
1282 2337 1330 2362 an
1351 2338 1533 2375 nequam,

80 2387 118 2424 id
134 2385 249 2435 juxta
270 2385 352 2422 scio
373 2396 462 2422 cum
482 2383 734 2421 inscientibus
755 2384 930 2421 maxime.
990 2384 1131 2422 Photio
1153 2392 1259 2424 certe
1278 2393 1392 2426 aetate
1413 2391 1531 2439 prior,

82 2448 149 2499 qui
175 2448 295 2498 solus,
326 2446 431 2497 quod
465 2446 598 2491 seiam,
618 2458 663 2483 ex
691 2446 859 2496 antiquis
880 2446 1070 2485 hominem
1098 2455 1298 2494 memorat,
1321 2452 1350 2487 si
1372 2451 1534 2490 Suidam

82 2510 252 2560 excipias
271 2514 389 2558 atque
409 2514 598 2557 praeterea
627 2506 839 2544 Eudociam
868 2508 1172 2558 Imperatricem‚
1206 2522 1295 2559 quae
1323 2525 1369 2548 ex
1395 2512 1530 2550 eodem

89 2572 213 2620 fonte,
246 2570 350 2607 unde
381 2568 533 2614 Suidas,
569 2569 702 2605 hortos
736 2581 824 2606 suos
855 2569 1040 2619 irrigavit.
1097 2571 1240 2608 Eorum
1273 2571 1391 2610 verba
1419 2580 1531 2611 suut:

82 2632 239 2674 Παῦλος
265 2630 444 2682 Γερμῖνος
464 2631 655 2681 σοφιστὴς,
677 2631 696 2667 ὁ
716 2630 880 2680 γράψας,
903 2630 959 2668 ὅτι
979 2647 1022 2679 γε
1040 2631 1188 2670 Λυσίου
1209 2634 1287 2671 ἐστὶ
1304 2637 1347 2671 τὰ
1367 2637 1446 2685 περὶ
1466 2645 1533 2682 τῆς

125 2727 143 2745 *
167 2724 321 2760 πλείστους
344 2723 372 2755 δὲ
390 2723 506 2765 γράψας
520 2723 627 2761 λόγους.
658 2723 790 2762 Dionys.
825 2723 1048 2765 ἀποῤῥιψάμενος
1062 2729 1170 2758 πολλῆς
1185 2727 1232 2756 καὶ
1252 2729 1383 2766 μεγάλης
1402 2729 1465 2762 τοὺς
1488 2729 1534 2758 ἀν-

84 2769 240 2799 Halicarn.
265 2770 304 2799 de
331 2768 435 2807 Lysia.
488 2767 612 2797 Catonis
639 2767 791 2796 orationes
824 2767 953 2807 θςώπους
974 2767 1106 2806 ὠφελείας
1129 2769 1320 2809 ἀπεστέρησεν
1338 2771 1392 2811 οὐχ
1415 2772 1534 2810 sapio-30-

85 2821 143 2841 1⁷:011
166 2813 264 2841 miuus
287 2811 391 2840 multae
414 2811 476 2840 fere
497 2815 566 2840 sunt
589 2820 679 2849 quarn
697 2810 792 2840 Attici
825 2810 913 2849 μένων
927 2809 971 2840 ἔτι
992 2814 1047 2840 τῶν
1066 2811 1118 2841 ὑπὸ
1131 2812 1259 2844 διαβολὴν
1282 2812 1430 2843 πεσόντων.
1449 2814 1534 2854 ἅπαξ

86 2855 297 2893 Lysiae,cujus
311 2854 442 2883 arbitror
455 2853 600 2892 plurimas
616 2863 694 2882 esse.
727 2853 792 2883 Cic.
825 2854 880 2893 γὰρ
903 2853 1101 2892 ἀποκριθέντες
1124 2855 1364 2894 ωαςεωράθησαν,
1386 2855 1534 2896 {ntupum-s-

85 2896 116 2925 in
149 2897 258 2926 Bruto.
309 2897 410 2926 Multa
440 2896 544 2934 Lysiae
568 2896 683 2934 scripta
711 2902 792 2931 sunt,
826 2895 930 2934 στὲρας
944 2898 996 2931 τῆς
1018 2897 1158 2931 διαβολῆς,
1178 2898 1279 2937 &Ec-weg
1302 2899 1350 2927 καὶ
1373 2898 1420 2928 ἐπ’
1440 2900 1535 2930 ἄλλων

87 2939 229 2969 nonnulla
242 2938 355 2968 Critiae.
401 2939 450 2969 Id.
467 2942 497 2969 2.
514 2939 552 2968 de
568 2939 654 2968 Orat.
828 2942 950 2974 πολλῶν,
967 2938 981 2969 ἢ
996 2942 1047 2972 τῆς
1060 2939 1197 2972 ἀληθείας
1211 2940 1403 2981 γεγενημένης.
1448 2943 1535 2973 ΡΙιυι.

132 2985 144 3012 t
170 2982 293 3015 Πολλοὺς
318 2981 363 3011 καὶ
390 2983 492 3016 καλοὺς
513 2980 616 3016 ἄλλους
641 2982 678 3015 εἷς
702 2980 793 3015 νόθους
828 2981 977 3012 Biblioth.
994 2983 1069 3012 God.
1089 2983 1234 3012 CCLXL
