1839 3229
607 477 944 534 loANle
1005 477 1360 533 TAYLoRI

439 616 986 685 LECTIONES
1066 620 1518 688 LYSIACAE.

120 908 196 947 Pag.
880 904 1015 948 CAP.
1048 903 1084 945 Ι.

77 951 126 981 ed.
146 952 190 980 'ra
214 951 234 981 l.

128 962 209 1025 6755
250 997 353 1038 Lysiae
369 998 481 1039 plures.
525 999 634 1039 Lysias
650 1011 704 1042 pro
720 1001 868 1042 Lysippo.
916 1002 1125 1033 Emendantur
1140 1001 1411 1043 Paroemiographi.
1456 1000 1598 1031 Φιλοδικία
1612 1000 1708 1031 Athe-

291 1050 454 1081 niensium.
498 1051 590 1084 Curia
611 1050 667 1082 {wi
693 1052 840 1092 Δελφινίῳ.
883 1053 996 1093 Apollo
1021 1053 1215 1094 Delphinius.
1260 1053 1362 1083 Plauti
1387 1056 1418 1082 et
1440 1053 1577 1083 Terentii
1600 1053 1706 1082 Error.

292 1101 515 1131 Demosthenes
540 1103 728 1133 emendatus.
774 1104 875 1134 Locus
892 1104 1039 1134 Varronis
1062 1105 1145 1144 apud
1171 1103 1305 1134 Nonium
1328 1103 1512 1135 Marcellum
1535 1102 1707 1135 foedissino

289 1164 391 1185 errore
406 1155 566 1186 liberatus.
609 1154 797 1187 Molendinae
810 1167 913 1196 poena.
952 1161 1067 1188 cetera.

240 1304 431 1339 onrloNl
456 1308 587 1340 nostrae
607 1307 813 1341 coronidem
833 1310 908 1352 jam
937 1308 1183 1354 imposituruS‚
1202 1310 1312 1353 atque
1332 1307 1452 1342 ocium
1473 1310 1603 1342 nactus
1620 1318 1641 1341 a
1657 1306 1708 1341 la-

241 1361 327 1395 bore
356 1362 531 1403 omnium,
555 1373 645 1407 quos
673 1373 834 1408 unquam
862 1365 1011 1408 sumpsi,
1030 1364 1303 1409 improbissimo,
1332 1363 1484 1407 institui,
1510 1366 1550 1398 ut
1571 1364 1708 1408 primus

240 1426 370 1458 essem,
389 1417 451 1461 qui
470 1418 576 1450 messi
605 1429 696 1451 meae
721 1419 850 1452 falcem
875 1419 1118 1460 admoverem,
1143 1422 1182 1453 ut
1197 1430 1280 1463 quae
1305 1430 1326 1453 a
1350 1430 1407 1453 me
1425 1420 1619 1453 emendata
1642 1420 1708 1452 aut

240 1472 426 1506 elucidata
442 1473 525 1515 sint,
548 1484 657 1518 opera
673 1485 745 1508 non
762 1474 966 1518 indiligenti
982 1486 1237 1520 percurrerem.
1289 1476 1345 1509 Eo
1363 1486 1413 1509 sc.
1433 1476 1567 1518 animo,
1585 1477 1638 1517 ut,
1659 1475 1707 1509 si-

239 1526 327 1571 quid
345 1538 365 1560 a
383 1537 441 1560 me
459 1526 694 1563 inclementer
710 1529 816 1563 nimis
834 1529 968 1564 dictum
987 1531 1044 1572 sit,
1062 1531 1099 1564 id
1123 1541 1186 1576 pro
1208 1530 1347 1564 indicto
1370 1530 1558 1566 haberem:
1590 1530 1706 1565 ambi-

238 1581 343 1624 tiose,
370 1582 588 1618 reciderem:
616 1584 796 1628 ambigue,
822 1596 1026 1629 arguerem:
1056 1585 1175 1630 siquid
1201 1585 1430 1627 mutandum,
1453 1588 1637 1620 notarem:
1666 1589 1707 1620 ut

237 1636 507 1671 obscurioribus
524 1639 657 1681 lucem,
682 1640 876 1683 ingeniosis
897 1640 943 1684 (si
966 1643 1039 1674 tam
1059 1640 1286 1684 magnificam
1303 1641 1514 1682 orationem,
1531 1640 1706 1674 benevole

236 1690 363 1732 lector,
386 1702 457 1724 non
483 1693 707 1737 reformides)
726 1695 977 1728 auctoritatem
1005 1695 1193 1734 adderem;
1217 1698 1259 1729 ut
1275 1696 1432 1741 denique
1451 1696 1706 1729 nonnullorum

237 1747 575 1790 exspectationibus
595 1759 729 1782 morem
743 1759 916 1792 gererem,
935 1750 996 1794 qui
1017 1751 1062 1784 de
1079 1751 1180 1785 arido
1197 1750 1304 1785 nimis
1319 1750 1388 1784 hoc
1407 1750 1555 1784 notandi
1575 1760 1706 1793 genere

238 1802 427 1845 conquesti
454 1803 623 1847 quaedam
648 1806 824 1846 praeterea
850 1805 978 1838 adferri
1004 1806 1142 1848 volunt,
1161 1816 1245 1849 quae
1266 1805 1323 1838 vel
1346 1803 1515 1838 Auctoris
1544 1805 1705 1839 indolem

237 1858 275 1889 et
299 1856 477 1890 scribendi
500 1868 624 1900 genus,
641 1858 697 1893 vel
720 1858 848 1892 Gentis
864 1859 963 1893 domi
984 1860 1141 1904 bellique
1164 1860 1342 1901 instituta,
1362 1860 1418 1895 vel
1443 1858 1529 1894 Fori
1547 1860 1706 1904 denique

232 1909 530 1955 judiciorumque
551 1912 854 1947 consuetudinem
878 1924 1061 1958 exponere
1084 1918 1194 1959 atque
1210 1914 1386 1948 illustrare
1403 1914 1552 1959 possint.
1602 1914 1707 1959 Quo-

237 1975 318 1998 rum
348 1965 496 1998 demum
528 1966 717 2000 consilium
751 1978 910 2011 eousque
944 1979 1022 2001 sum
1059 1972 1262 2010 secuturuS‚
1293 1971 1334 2002 ut
1362 1979 1420 2002 me
1450 1969 1588 2002 interea
1602 1980 1705 2005 ·meae

237 2029 358 2062 operae
379 2030 450 2052 non
467 2020 676 2064 poeniteret.
720 2021 848 2065 Neque
866 2022 962 2055 enim
980 2033 1023 2055 eo
1041 2033 1119 2056 sum
1138 2023 1183 2055 ab
1201 2023 1313 2056 literis
1331 2023 1423 2062 ocio,
1442 2026 1516 2064 aut,
1531 2023 1629 2067 quod
1647 2024 1706 2057 isti

237 2073 386 2107 sortasse
403 2074 523 2108 verius
541 2085 619 2108 esse
643 2075 945 2117 existimaverint,
963 2088 1007 2110 ea
1024 2076 1161 2121 ingenii
1178 2078 1320 2111 cultura
1340 2080 1376 2110 et
1398 2077 1531 2121 lepore,
1551 2081 1592 2112 ut
1617 2078 1706 2113 mihi

237 2128 348 2162 licere
366 2129 553 2162 arbitrarer
570 2129 686 2163 desidi
701 2120 1024 2165 interdelicatulos
1041 2132 1224 2165 hodiernae
1243 2132 1386 2172 Criticae
1404 2132 1516 2175 litare,
1534 2134 1579 2167 ad
1599 2134 1705 2167 truti-

238 2193 323 2216 nam
351 2185 473 2218 nescio
500 2194 611 2229 quam
636 2184 886 2228 imaginariam
914 2187 1112 2221 Auctorem
1139 2189 1303 2220 'nostrum
1326 2187 1486 2230 exigere,
1514 2191 1701 2233 troporum

239 2238 537 2284 schematumque
572 2241 763 2275 varietates
799 2241 983 2285 indagare,
1016 2242 1264 2286 Veneresque,
1299 2245 1343 2276 ut
1377 2242 1491 2286 aiunt,
1534 2240 1705 2278 orationis

239 2294 488 2336 expromendo
515 2295 646 2328 bonam
673 2298 819 2330 aetatem
844 2299 1031 2332 conterere
1059 2297 1265 2341 bonamque
1293 2297 1453 2333 chartam
1481 2308 1704 2335 consumere.

240 2348 336 2381 Novi
360 2350 519 2393 profecto
545 2361 593 2385 ex
619 2350 687 2384 hoc
709 2351 866 2396 aucupio
883 2353 1051 2386 facillime
1078 2363 1136 2386 me
1162 2363 1263 2386 meos
1287 2353 1426 2386 labores
1452 2364 1501 2386 ex
1527 2352 1625 2386 fatali
1643 2353 1706 2387 illo

241 2402 322 2436 vico
342 2403 624 2448 redempturum,
654 2407 719 2440 ubi
744 2407 871 2441 odores
894 2409 1077 2441 veneunt:
1108 2410 1147 2440 at
1174 2418 1244 2450 ego
1271 2408 1385 2441 laevus
1414 2418 1475 2440 eas
1501 2418 1642 2452 semper
1666 2408 1703 2443 in

243 2457 439 2492 ambitione
453 2459 608 2493 literaria
624 2461 732 2505 partis
750 2465 896 2496 secutus
908 2462 1049 2504 fuerim,
1064 2465 1106 2496 ut
1122 2462 1202 2500 talis
1224 2462 1310 2497 mihi
1323 2462 1475 2496 lectores
1494 2462 1703 2507 contingere

242 2510 470 2557 exoptarem,
497 2514 613 2559 qualis
635 2516 770 2549 amicos
796 2517 1034 2559 desumerem,
1067 2516 1317 2561 paucissimos,
1342 2517 1404 2556 sed
1430 2516 1608 2550 cordatos.
1657 2518 1704 2551 In

243 2565 312 2600 hac
335 2577 480 2612 quoque
504 2570 712 2603 notularum
739 2571 911 2605 mantissa
935 2571 1121 2616 pulchram
1150 2572 1235 2605 satis
1263 2571 1704 2616 opportunitatem‘mihi-

243 2624 321 2656 met
338 2632 562 2667 comparasse
579 2624 715 2665 videor,
727 2628 768 2658 ut
784 2626 970 2660 subductis
985 2627 1095 2668 probe
1109 2626 1305 2660 rationibus
1316 2630 1351 2659 et
1365 2626 1542 2671 pensitato
1559 2638 1702 2661 mecum

243 2688 325 2711 meo
338 2678 605 2711 commentandi
622 2678 839 2721 charactere,
856 2681 1107 2714 nonnullorum
1125 2679 1311 2713 hominum
1329 2680 1624 2725 reprehensiones
1641 2682 1705 2715 de-

242 2742 420 2776 precarer,
436 2733 465 2766 si
483 2733 544 2776 qui
560 2733 610 2775 id,
629 2734 728 2777 quod
744 2734 781 2767 in
804 2734 1021 2768 Criticorum
1037 2734 1219 2768 laboribus
1240 2736 1397 2768 maxime
1419 2735 1465 2768 sit
1487 2735 1647 2777 solenne,
1664 2735 1702 2769 in

244 2787 373 2821 nostris
386 2790 660 2832 exspectarent:
680 2780 824 2832 nempe,
836 2792 876 2822 ut
888 2800 977 2833 quos
987 2789 1023 2822 in
1035 2789 1162 2822 eadem
1178 2790 1342 2833 palaestra
1354 2799 1495 2823 mecum
1509 2789 1706 2823 desudasse

245 2843 509 2887 conspexerim,
524 2854 584 2877 eos
601 2845 717 2877 omnis
733 2843 905 2877 conviciis
922 2844 1132 2889 probrisque
1158 2845 1438 2888 proscinderem,
1463 2845 1629 2888 malaque
1645 2845 1701 2878 in-

245 2907 403 2938 gererem
421 2899 545 2934 multa.
593 2898 704 2933 Meus
720 2899 826 2942 longe
847 2899 947 2932 aliter
962 2899 1030 2932 fuit
1051 2900 1190 2933 animus
1209 2902 1246 2933 et
1264 2899 1454 2941 sententia,
1477 2899 1610 2944 diuque
1627 2910 1703 2933 me-

245 2961 328 2985 cum
342 2953 453 2997 dolui,
465 2953 724 2989 humanissima
740 2952 860 2989 studia
876 2954 1078 2998 profitentis
1090 2954 1249 2990 humana
1265 2954 1385 2990 omnia
1401 2966 1422 2989 a
1438 2965 1475 2990 se
1492 2955 1609 2990 aliena
1625 2953 1703 2988 exi-
