1839 3229
223 191 302 232 130
780 189 813 231 Ι.
844 188 1114 231 TAYLORI

214 308 323 340 esses,
343 297 521 331 intactum
538 299 669 343 utique
685 297 916 343 relinqueres.
941 298 1129 332 Plutarch.
1147 298 1243 330 enim
1259 298 1399 339 Quaest.
1415 297 1533 331 Graec.
1550 298 1585 330 9.
1623 299 1677 339 Τῷ

215 359 240 387 Β
267 353 346 386 ἀντὶ
362 356 420 387 τοῦ
435 357 462 387 Φ
481 357 629 398 χρῶνται
658 354 859 394 Μακεδόνες,
887 355 1061 387 Βίλιππον
1085 355 1140 386 καὶ
1158 355 1334 397 Βαλακρὸν
1348 355 1403 387 καὶ
1428 353 1610 397 Βερονίκην
1622 350 1678 383 λέ-

213 421 343 452 γοντες.
395 408 543 442 Nescire
560 419 632 442 non
650 409 765 453 possis
782 408 862 442 haec
880 418 946 441 nos
967 406 1088 441 dicere
1106 409 1143 441 et
1159 408 1343 442 nominare
1358 410 1530 442 Φίλιππον
1547 410 1584 440 et
1608 411 1677 440 Φα-

213 465 342 507 λακρὸν
353 465 391 496 et
407 465 600 508 Φερονίκην.
651 464 789 497 Verum
804 463 838 496 id
857 472 928 496 non
942 463 1128 507 patiuntur
1141 462 1380 498 Macedones.
1429 463 1572 497 Eodem
1587 465 1679 496 teste

215 523 240 551 B
256 528 324 562 pro
339 523 369 552 Π
387 519 556 563 Delphici
573 519 642 552 oris
659 522 714 551 est
731 524 766 551 et
784 518 952 561 loquelae.
1001 517 1298 561 Adspirationem
1313 518 1421 551 variae
1435 521 1564 560 gentes
1579 515 1677 551 varie

214 573 437 618 exprimunt.
490 574 654 606 Lacones
671 584 733 617 per
750 578 788 606 B.
838 572 898 606 Ita
915 572 1122 616 Hesychius
1140 575 1261 618 Βάγος,
1277 573 1411 618 κλάσμα
1427 574 1541 618 ἄρτου,
1556 573 1678 617 μάζης,

213 629 267 664 καὶ
283 628 443 670 βασιλεὺς
457 630 510 661 καὶ
529 629 732 669 στρατιώτης
756 627 909 669 (corrige
927 630 1198 673 στρατηγός).
1232 629 1398 668 Λάκωνες.
1438 629 1531 662 Eam
1550 636 1678 662 vocem

214 681 455 725 antiquissimi
471 681 587 714 Attici
601 684 812 714 exarassent
829 682 995 721 ΗΑΓΟΣ,
1007 682 1130 716 AEoles
1157 683 1323 718 ἙΑΓΟΣι
1351 694 1417 716 nos
1433 683 1677 717 communiter

214 747 286 769 non
306 736 545 779 adspiramus‚
565 746 688 769 verum
707 736 895 769 scribimus
922 742 1048 771 ΑΓΟΣ.
1067 741 1109 771 ut
1128 737 1287 781 Hesych.
1304 741 1418 782 Ἀγὸς,
1435 737 1584 782 ἡγεμὼν,
1605 737 1677 770 ἀπὸ

223 795 281 826 τοῦ
296 794 392 836 ἄγειν
409 794 452 825 τὰ
469 792 599 832 πλήθη,
619 794 656 824 ct
673 792 887 836 alibi'‘Ayog,
905 795 1072 837 κλαῦσμα,
1091 796 1220 838 τραῦμα
1236 791 1332 837 (lege
1350 804 1397 826 ex
1414 792 1496 827 cod.
1514 791 1678 834 Hesych.

215 847 253 881 in
273 858 305 881 ν.
328 848 448 891 Βάγος,
465 848 639 891 κλάσμα
665 848 819 892 ἄρτου),
838 849 1002 892 ἀρχηγός.
1054 848 1231 891 Ejusdem
1241 849 1431 882 commatis
1451 849 1536 882 sunt
1551 848 1684 881 Βείκατι

215 904 329 936 ε’ἱκοσι.
350 903 517 941 Λάκωνες.
548 904 703 946 Βεικηλὰ,
722 906 855 947 νωχελῆ
873 903 1005 946 (scribe
1023 903 1209 947 ἀνωφελῆ),
1223 905 1355 948 ἀχρεῖα.
1383 905 1549 942 Λάκωνες.
1599 902 1680 936 Un-

214 958 260 991 de
279 967 349 990 non
367 956 550 990 dubitabis
564 961 600 990 et
617 957 681 990 has
697 968 804 991 voees
818 957 862 990 ad
883 958 1142 992 Laconismum
1161 958 1304 999 referre,
1322 968 1530 1003 quanquam
1550 956 1588 990 id
1604 966 1679 990 non

213 1011 405 1046 admonuit
431 1011 584 1045 Auctor.
636 1014 798 1057 Βείρακες,
824 1014 957 1057 ἱέρακες.
1009 1015 1138 1053 Βείκας,
1163 1014 1345 1057 μακρόθεν.
1389 1013 1505 1055 Bimae,
1532 1012 1680 1057 μακράν.

216 1067 334 1107 Βέκως,
351 1067 530 1111 μακρόθεν.
548 1069 585 1099 et
602 1071 796 1101 sexcentas
824 1069 927 1102 alias.
976 1068 1120 1102 Eodem
1147 1067 1359 1111 adspirandi
1386 1077 1482 1101 more
1500 1067 1682 1103 delectan-

214 1123 276 1154 tur
300 1122 439 1163 Cretes,
467 1121 529 1165 qui
557 1121 743 1156 Laeonice
769 1123 1022 1166 loquebantur.
1076 1125 1292 1164 Βαλικιώτης,
1319 1123 1514 1167 συνέφηβος.
1538 1125 1682 1166 Κρῆτες.

213 1176 273 1211 Tu
291 1188 375 1220 ergo
392 1187 494 1217 cave,
513 1187 632 1221 neque
659 1178 722 1211 tibi
741 1178 820 1211 brec
846 1189 924 1212 esse
942 1178 1117 1222 praedicta
1134 1189 1205 1211 non
1223 1178 1369 1211 dixeris.
1421 1177 1467 1210 In
1485 1176 1529 1210 iis
1546 1179 1682 1219 autem,

214 1243 298 1277 quae
314 1235 530 1277 sequuntur,
549 1244 678 1267 securo
694 1237 735 1267 ut
753 1234 799 1267 sis
816 1235 950 1275 animo,
975 1234 1101 1277 jubeo.
1153 1234 1212 1268 Ibi
1231 1233 1327 1267 enim
1345 1233 1573 1277 experiundo
1590 1232 1684 1266 scies

213 1292 252 1322 et
280 1289 493 1322 facillimum
520 1290 758 1323 describentis
783 1301 952 1331 errorem,
979 1292 1015 1323 et
1038 1290 1278 1323 certissimam
1305 1288 1534 1322 emendantis
1559 1288 1681 1322 fidem.

214 1347 239 1376 Γ
256 1342 412 1387 simplex
438 1344 596 1377 Gamma
625 1345 836 1378 Graecorum
855 1355 898 1378 ea
914 1348 968 1378 est
995 1344 1205 1378 infelicitate
1225 1344 1361 1387 figurae,
1389 1345 1430 1376 ut
1447 1343 1492 1376 ad
1508 1342 1683 1387 plurimas

212 1396 336 1430 literas
353 1397 588 1431 similitudine
614 1399 779 1440 accedat,
807 1402 915 1443 atque
935 1403 1124 1443 eapropter
1154 1398 1374 1432 foedissimas
1403 1397 1528 1431 turbas
1553 1398 1680 1432 excire

213 1451 339 1484 soleat.
389 1452 424 1483 Si
443 1452 479 1484 in
498 1452 592 1484 latus
610 1452 771 1493 inclines,
791 1453 896 1485 lineae
915 1455 1012 1493 duae,
1039 1454 1169 1496 quibus
1187 1451 1415 1494 describitur,
1441 1452 1479 1485 in
1505 1454 1681 1496 angulum

211 1505 404 1549 fastigiatae
423 1506 739 1550 repraesentabunt
753 1506 891 1540 literam
907 1514 946 1540 Λ.
998 1506 1144 1540 Deinde
1162 1512 1189 1540 A
1207 1510 1244 1539 et
1261 1512 1286 1540 Δ
1304 1509 1341 1540 et
1355 1512 1382 1540 A
1401 1507 1509 1540 unius
1535 1507 1679 1542 lineolae

213 1561 418 1597 discrimine
436 1572 457 1594 a
481 1572 519 1594 se
537 1561 690 1594 invicem
707 1561 1018 1596 disterminantur.
1068 1563 1178 1596 Porro
1196 1568 1233 1605 Γ,
1253 1562 1282 1595 si
1299 1561 1444 1596 tenuior
1457 1563 1551 1597 foret
1567 1566 1683 1597 trans-

212 1627 325 1650 versae
354 1627 429 1649 suae
457 1616 563 1649 lineae
590 1616 738 1657 ductim,
763 1616 800 1649 in
830 1622 845 1649 Ι
864 1617 1011 1660 recidet,
1028 1619 1066 1650 et
1081 1617 1242 1650 vicissim
1260 1617 1365 1650 simili
1394 1618 1466 1651 fere
1490 1618 1579 1652 vitio
1596 1629 1641 1652 ex
1659 1624 1695 1653 Τ·

212 1674 419 1706 enascetur.
469 1670 678 1715 Aliquando
697 1670 900 1704 insinuabit
917 1682 955 1704 se
973 1671 1007 1704 in
1027 1672 1149 1705 locum
1165 1672 1377 1715 congeneris
1393 1672 1462 1715 sui,
1489 1672 1518 1707 si
1534 1673 1687 1708 formam

213 1731 251 1768 et
268 1727 438 1761 familiam
457 1727 640 1771 respiciam,
658 1726 900 1770 Digammatis
917 1727 1051 1761 AEolici
1068 1727 1112 1761 F.
1140 1727 1209 1761 Est
1227 1727 1287 1761 ubi
1302 1727 1470 1762 scribitur
1483 1728 1564 1762 loco
1580 1731 1678 1763 notae

213 1783 397 1828 episernae,
431 1793 514 1827 quae
546 1784 762 1827 potestatem
791 1782 958 1825 ejusdem
991 1783 1223 1825 digammatis
1255 1783 1443 1827 exprimit.
1494 1783 1684 1827 Exempla

212 1839 391 1872 nonnulla
408 1838 646 1882 proferemus,
666 1848 750 1882 quae
769 1841 911 1872 ceteros
930 1838 1078 1871 sortasse
1096 1838 1273 1871 haetenus
1289 1838 1424 1882 fugere.
1474 1838 1584 1872 Notae
1602 1844 1628 1872 T
1644 1839 1681 1872 in

214 1899 239 1927 Γ
257 1894 400 1927 solitam
419 1896 455 1927 et
471 1892 586 1926 levem
605 1903 684 1926 esse
701 1892 940 1926 mutationem
960 1892 1118 1936 joculari
1145 1903 1260 1927 errore
1286 1903 1351 1926 suo
1368 1894 1525 1927 testatur
1542 1892 1682 1928 Tbeod.

214 1947 314 1982 Gaza
331 1949 454 1982 Gram.
474 1949 497 1982 Ι.
517 1951 552 1982 3.
572 1950 747 1987 exeunte,
763 1958 799 1991 p.
818 1949 876 1982 99.
896 1946 926 1981 b.
979 1949 1208 1992 Εὐλογώτεροι
1232 1948 1346 1992 μέντοι
1371 1949 1428 1981 ἐπὶ
1446 1950 1504 1981 τοῦ
1523 1948 1682 1993 ὀρύττω

214 2005 270 2037 καὶ
287 2007 355 2037 τῶν
372 2005 494 2048 ὁμοίων
512 2006 549 2037 τὸ
563 2004 698 2048 γράφειν
712 2005 729 2036 ὀ
739 2003 840 2047 ρὺτγ
851 2017 887 2045 ω,
913 2003 1066 2047 καθάπερ
1080 2003 1146 2047 κᾴν
1161 2006 1232 2043 τοῖς
1250 2003 1486 2047 παλαιοτέροις
1503 2007 1572 2037 τῶν
1586 2004 1683 2037 ἀντι-

215 2058 351 2103 γράφων
369 2060 506 2103 ὁρῶμεν.
553 2058 677 2092 Tanta
695 2060 772 2092 erat
789 2058 1017 2099 auctoritate,
1036 2061 1138 2091 tanta
1153 2057 1381 2101 contagionis
1396 2057 1540 2091 diritate
1558 2068 1631 2092 una
1647 2061 1684 2092 et

212 2112 396 2148 levissima
412 2115 448 2147 in
468 2114 749 2158 Exemplar-ibus
767 2113 888 2155 litura,
907 2116 948 2147 ut
961 2124 1055 2158 pene
1080 2117 1192 2147 artem
1220 2114 1337 2157 ipsam
1354 2113 1630 2157 contaminaret,
1648 2116 1686 2148 et:

209 2166 291 2211 jam
309 2168 542 2212 scholisjura
563 2172 660 2203 esset
677 2169 819 2202 datura.
873 2168 1088 2202 Ammonius
1117 2168 1162 2201 ad
1193 2179 1304 2202 voees
1333 2166 1377 2210 ἦν
1403 2169 1436 2202 δὲ
1453 2168 1581 2214 -ὥρα
1607 2170 1684 2204 ὡσεὶ

214 2223 303 2267 ἕκτη.
329 2224 433 2258 Ioan.
448 2215 568 2259 ΧΪΧ.
587 2226 639 2258 14.
688 2225 726 2258 Ὀ
744 2225 775 2258 δὲ
791 2225 1016 2269 καλλιγράφος
1041 2225 1119 2256 ἀντὶ
1138 2226 1194 2257 τοῦ
1224 2225 1370 2268 Γάμμα
1397 2226 1575 2268 στοιχείου,
1599 2225 1682 2270 ὅπερ

214 2281 368 2322 σημαίνει
384 2283 422 2320 τὸ
441 2281 569 2323 τρίτην,
586 2280 709 2324 ἔγραψε
735 2283 772 2313 τὸ
798 2281 1017 2324 ἐπίσημον,
1042 2282 1059 2312 ὃ
1077 2281 1237 2313 καλοῦσιν
1252 2280 1282 2313 οἱ
1306 2280 1541 2324 Ἀλεξανδρεῖς
1564 2281 1681 2324 γαβὲέ,

214 2336 231 2365 ὃ
249 2333 345 2374 δηλοῖ
363 2337 429 2375 τὴν
441 2334 554 2377 ἕκτην,
576 2337 714 2375 πολλὴν
728 2336 854 2378 ἔχοντα
872 2337 956 2379 πρὸς
973 2336 1075 2368 ἑαυτὰ
1093 2336 1159 2375 τὴν
1177 2335 1371 2379 ὁμοιότητα,
1388 2337 1443 2368 καὶ
1459 2335 1513 2368 διὰ
1529 2338 1587 2368 τοῢ
1598 2348 1680 2379 γρα-

211 2392 303 2431 φικοῦ
317 2390 511 2433 σφάλματος
537 2390 675 2433 γέγονεν
693 2390 715 2430 ἡ
731 2390 904 2433 διαφωνία.
954 2390 1050 2423 'Ami
1069 2392 1132 2433 γὰρ
1151 2391 1266 2433 τρίτης
1289 2389 1389 2434 ὥρας,
1417 2390 1520 2430 ’ἕκτην
1543 2390 1680 2434 ἔγραψε.

211 2443 461 2478 Observarunt
490 2444 648 2488 plurimi,
680 2454 831 2487 quorum
849 2443 885 2476 in
911 2454 1063 2477 numero
1089 2446 1175 2476 sunt
1200 2443 1519 2486 praestantissimus
1547 2443 1683 2477 Galeus

211 2501 333 2532 noster
348 2498 385 2532 in
403 2499 547 2532 erudito
570 2509 635 2531 suo
660 2498 920 2532 commentario
949 2499 994 2531 ad
1021 2497 1198 2532 Demetrii
1230 2498 1457 2531 Phalcrensis
1473 2497 1606 2531 librum
1622 2497 1683 2531 De

213 2550 429 2587 Elocutione
447 2551 572 2597 (quem
592 2552 770 2586 bominem
788 2553 834 2586 ob
852 2563 992 2586 morum
1008 2553 1224 2586 suavitatem
1240 2555 1349 2596 atque
1381 2551 1594 2585 eruditionis
1610 2551 1683 2585 ele-

210 2610 371 2652 gantiam
390 2607 523 2642 nemini
541 2607 612 2640 fere
630 2609 665 2640 in
684 2607 874 2651 disciplina
891 2611 1011 2641 nostra
1030 2608 1231 2641 seeundum
1249 2606 1371 2650 pono),
1398 2609 1435 2640 et
1450 2617 1567 2651 nuper
1583 2616 1682 2640 sum-

212 2663 262 2699 mi
279 2665 411 2709 ingenii
431 2667 468 2698 et
485 2664 659 2698 doetrinae
679 2663 732 2696 vir
754 2664 785 2697 I.
814 2663 987 2696 Albertus
1022 2662 1098 2706 (qni
1116 2662 1300 2696 literarum
1318 2661 1413 2695 bono
1430 2663 1536 2694 natus
1561 2670 1681 2694 corru-

211 2720 418 2765 ptissimum
437 2720 533 2754 hunc
551 2719 749 2753 Auctorem
763 2718 903 2761 integre
919 2717 1178 2761 expoliendum
1205 2716 1564 2760 emaculandumque
1588 2715 1625 2749 in
1643 2727 1682 2749 se

210 2777 400 2821 suscepit),
424 2775 630 2809 innumeras
659 2774 731 2807 fere
758 2773 894 2816 glossas
929 2773 996 2805 sub
1032 2772 1135 2804 litera
1160 2777 1185 2805 Γ
1211 2772 1334 2812 latere,
1365 2781 1448 2815 quae
1485 2769 1622 2814 duplici
1649 2771 1681 2806 F

212 2832 438 2866 AEolensium
466 2828 608 2864 exarari
638 2828 783 2862 debent.
836 2828 919 2868 Quo
936 2829 1043 2871 pacto
1066 2828 1196 2868 Γιστία,
1229 2827 1368 2868 Γισχὺν,
1391 2829 1521 2867 Γοῖνος,
1545 2825 1680 2872 Γέντερ,

213 2887 311 2932 Γέαρ,
328 2888 365 2920 et
383 2887 568 2921 sexcentae
594 2883 674 2918 aliae
693 2882 930 2916 emendandae
950 2884 1036 2915 sunt
1052 2881 1186 2924 Ριστὶα,
1213 2879 1361 2924 Ὲισχὺν,
1380 2879 1518 2923 Ὲοῖνος,
1541 2880 1680 2926 Ὲέντερ,

213 2939 315 2984 Ἑὲαρ.
366 2941 615 2985 Exponuntur
632 2938 727 2972 enim
746 2937 873 2980 ἐσχάτη
892 2936 931 2980 (Ι.
944 2934 1086 2980 ἐσχάρα)
1101 2935 1123 2968 i.
1144 2946 1178 2970 e.
1195 2934 1320 2976 Vesta,
1338 2935 1452 2978 ἰσχὺν,
1468 2933 1570 2977 vim,
1584 2933 1680 2976 οἶνος

213 2995 363 3038 Vinum,
382 2998 499 3038 κοιλία,
518 2995 537 3029 i.
556 2994 740 3036 e.Venter‚
758 2994 815 3036 ἔαρ
828 2991 915 3026 Ver.
941 2991 1156 3026 Salmasium
1173 2989 1319 3035 quidem
1336 2990 1454 3025 virum
1471 2989 1675 3024 maximum
