1819 3219
522 206 856 251 LECTIONES
890 205 1175 248 LYSIACAE.
1498 205 1577 248 119

127 320 231 354 tinem
262 315 384 350 laudet
399 325 447 348 ex
465 314 544 357 ejus
561 315 723 348 oratione
750 314 834 348 adv.
853 313 1079 347 Alcibiadem
1100 321 1204 345 voces
1227 314 1303 351 Τοῖς
1320 316 1456 355 χρυσοῖς
1471 325 1582 357 χερνι-

121 375 208 415 βίοις
227 373 280 405 καὶ
296 372 533 415 θυμιατηρίοις,
547 370 610 414 qui
627 369 729 403 locus
746 368 919 403 continuo
935 367 1068 412 legitur
1084 368 1119 401 in
1136 366 1296 399 oratione
1309 376 1382 409 prae
1401 367 1582 410 manibus,

123 438 160 472 p.
185 429 244 460 33.
279 427 435 471 πρότερος
466 429 529 467 τῆς
557 426 686 465 πόλεως
713 426 906 469 χρήσασθαι
930 428 1000 463 τοῖς
1028 426 1165 468 χρυσοῖς
1192 422 1362 466 χερνίβοις
1383 422 1423 465 (l.
1447 436 1584 467 χερνι-

121 481 247 524 βίοις)
271 485 325 515 icat
341 483 583 526 θυμιατηρίοις.
632 481 807 514 Attamen
823 491 902 513 cam
921 479 1137 512 locutionem
1156 487 1329 520 usurpare
1351 476 1469 520 potuit
1485 481 1585 510 uter-

124 547 208 581 que,
239 539 276 569 et
302 537 433 579 Lysias
455 540 492 570 et
517 538 648 576 noster,
667 536 743 568 sive
771 535 992 574 Andocides,
1021 534 1094 567 sive
1118 532 1312 577 quisquam
1337 531 1446 564 alius:
1472 532 1531 563 vel
1547 531 1586 564 in

124 590 299 624 Auctoris
327 591 470 624 nomine
498 590 727 634 cespitaverit
752 600 915 623 summus
943 589 1001 622 illc
1029 588 1199 631 scriptor:
1235 589 1332 620 certe
1361 585 1408 618 ad
1438 585 1588 628 Lysiam

124 648 239 681 multo
257 648 374 681 minus
390 650 542 692 spectat,
560 657 670 691 quarn
698 648 743 681 ad
762 647 1004 681 Andocidem.
1053 645 1126 680 Aio
1148 647 1270 678 autem
1295 653 1416 688 neque
1441 642 1485 675 ad
1511 642 1589 675 An-

125 701 304 736 docidem.
339 703 460 736 Primo
477 703 573 735 enim
592 703 627 735 id
646 703 830 743 confirmo,
850 704 1026 747 quantum
1042 711 1091 735 sc.
1110 711 1152 733 ca
1168 710 1224 733 res
1241 697 1442 732 confirmari
1460 696 1586 741 possit,

124 756 291 799 neqando.
341 757 409 801 (l.)
435 757 530 790 Nam
555 757 777 800 Andocides,
806 761 981 802 quantum
1009 768 1055 790 cx
1087 754 1249 790 historiae
1277 753 1521 787 monumentis
1546 752 1589 786 li·

125 816 226 856 quet,
243 824 429 857 nunquam
447 824 530 847 cum
557 814 749 847 Alcibiade
768 817 803 847 et
822 814 931 848 Nicia
958 814 1001 847 de
1028 812 1239 846 ostracismo
1260 809 1470 844 decertavit.
1521 808 1590 852 (2.)

125 865 270 900 Deinde
287 877 357 900 non
375 879 418 900 ea
436 867 506 900 suit
521 868 705 902 Andocidi
733 868 876 912 generis
902 868 1079 910 condicio,
1100 869 1140 900 ut
1159 867 1252 899 hane
1281 866 1411 898 domus
1432 873 1509 896 suae
1527 863 1590 896 ob-

125 924 333 956 scuritatem
360 923 495 966 liquido
513 925 684 954 affirmare
702 926 824 963 possit,
844 925 904 963 qui
929 924 1011 952 alibi
1040 921 1196 951 nominis
1219 920 1273 952 sui
1291 919 1516 962 splendorem
1530 918 1590 961 ja-

125 979 223 1010 ctare
240 977 371 1009 soleat:
392 978 510 1009 Καίτοι
526 976 584 1007 οὐκ
602 975 727 1013 ὄνειδος
751 975 831 1018 ὑμῖν
851 974 872 1013 ἡ
889 973 1082 1006 Ἀνδοκίδου
1107 974 1161 1005 καὶ
1184 975 1358 1017 Λεωγόρου
1385 974 1470 1006 οἰκία
1492 970 1590 1006 οὖσα.

124 1034 188 1078 qui
205 1033 380 1076 majorum
398 1043 453 1065 res
471 1034 612 1075 gestas:
631 1033 662 1064 οἳ
680 1032 843 1069 πλείστας
868 1032 929 1074 μὲν
949 1029 1248 1072 στρατηγήσαντες
1265 1030 1483 1072 στρατηγίας,
1506 1029 1591 1061 πολ·-

125 1090 170 1122 λὰ
190 1090 335 1133 τρόπαια
356 1093 425 1121 τῶν
455 1088 625 1130 πολεμίων
649 1088 703 1119 καὶ
730 1088 815 1119 κατὰ
834 1088 902 1129 γῆν
925 1086 979 1118 καὶ
1008 1085 1095 1116 κατὰ
1110 1083 1290 1116 θάλατταν
1306 1085 1386 1127 ὑμῖν
1404 1083 1592 1124 ὑπέδειξαν,

126 1148 289 1185 πλείστας
305 1146 336 1178 δὲ
355 1147 465 1184 ἄλλας
482 1145 592 1188 ἀρχὰς
616 1145 778 1187 ἄρξαντες
795 1156 826 1176 κ.
846 1155 877 1175 τ.
894 1143 928 1174 λ.
947 1140 1009 1184 qui
1027 1140 1186 1183 denique
1204 1139 1389 1173 Mercurio
1412 1143 1511 1171 satus
1528 1148 1594 1180 gc·

126 1201 221 1234 neris
243 1200 298 1232 sui
319 1209 497 1232 summam
525 1202 561 1231 et
577 1197 777 1239 religiosam
795 1196 1070 1239 antiquitatem:
1089 1194 1175 1227 οἰκία
1192 1194 1224 1226 ὂὲ
1248 1197 1368 1226 πασῶν
1381 1192 1592 1236 ἀρχαιοτάτη

126 1259 181 1290 καὶ
198 1257 374 1295 κοινοτάτη
393 1256 444 1288 ἀεὶ
461 1259 529 1287 τῶν
547 1254 720 1297 δεομένων.
769 1252 838 1295 (3.)
855 1251 978 1285 Tertio
1001 1253 1123 1284 autem
1140 1249 1365 1288 Andocides,
1382 1251 1423 1280 ut
1440 1247 1594 1280 dicimus

126 1321 175 1345 ex
195 1311 315 1354 Lysia,
334 1309 507 1350 Siciliam,
531 1308 689 1347 Italiam,
709 1307 1011 1351 Peloponnesum,
1026 1304 1267 1346 Thessaliam,
1296 1302 1592 1345 Hellespontum,

128 1366 282 1407 Ioniam,
301 1364 459 1408 Cyprum
478 1363 694 1407 peragravit,
714 1363 775 1396 sed
796 1363 967 1407 privatUS,
985 1361 1047 1394 sed
1066 1360 1101 1393 in
1120 1359 1314 1403 ιἰποόημὶᾳι
1342 1360 1504 1390 nostrum
1532 1366 1595 1388 au-

128 1423 200 1454 tem
229 1420 328 1454 vides
355 1419 390 1452 in
419 1418 621 1460 Thessalia,
653 1417 888 1458 Macedonia,
916 1414 1104 1456 Molossia,
1131 1412 1377 1457 Thresprotia‚
1404 1409 1526 1450 ltalia,
1558 1411 1596 1444 et

128 1475 250 1510 Sicilia.
279 1474 474 1516 legationes
501 1474 677 1517 praeclare
707 1472 857 1506 obiisse:
887 1471 982 1513 Quae
1008 1480 1117 1515 quarn
1145 1468 1306 1502 diversa!
1348 1467 1432 1500 Jam
1451 1477 1534 1509 ergo
1551 1467 1596 1499 ut

128 1529 320 1571 declarem,
339 1528 420 1572 quis
439 1528 648 1561 Orationem
668 1527 759 1561 lianc
778 1527 1042 1571 conscripserit,
1065 1524 1234 1569 primum,
1252 1522 1289 1557 id
1308 1523 1404 1567 quod
1424 1520 1597 1566 paucissi-

130 1584 196 1616 mis
213 1587 296 1617 ante
315 1593 371 1616 me
389 1583 584 1626 contigisse
601 1583 719 1623 video,
738 1583 958 1616 monendum
977 1585 1032 1615 est
1050 1580 1178 1615 frustra
1195 1580 1231 1613 in
1250 1578 1480 1613 bibliothecis
1498 1588 1598 1622 quae-

128 1639 170 1682 ri,
188 1650 297 1684 quem
315 1639 420 1672 hodie
437 1639 674 1674 commendo:
702 1649 817 1673 novus
843 1639 906 1672 tibi
933 1639 1040 1672 hodie
1058 1637 1271 1670 salutandus
1288 1640 1344 1669 est
1361 1636 1505 1678 liospeS,
1524 1633 1597 1677 pri-

131 1705 246 1739 usque
269 1693 334 1728 tibi
357 1695 705 1733 commonstrandus,
731 1693 812 1738 quis
837 1693 894 1734 sit,
913 1704 1021 1737 quem
1040 1692 1160 1733 velim,
1180 1701 1291 1735 quam
1312 1690 1409 1734 quod
1429 1699 1485 1727 ea,
1513 1697 1596 1731 quae

130 1749 253 1789 velim,
271 1749 536 1792 conscripserit.
584 1749 721 1783 Totum
739 1750 875 1782 excute
900 1748 1120 1791 Argiletum,
1138 1757 1209 1780 non
1228 1746 1295 1779 erit
1311 1756 1357 1778 ex
1389 1742 1515 1784 Sosiis,
1533 1740 1599 1786 qui

130 1804 194 1837 tibi
212 1804 450 1842 confirmabit,
470 1812 657 1837 PHAEACEM
676 1804 859 1848 quendam
878 1803 943 1836 sibi
962 1813 1121 1847 unquam
1140 1812 1213 1835 aera
1230 1800 1415 1833 meruisse.
1452 1798 1600 1838 Quotus

131 1858 284 1903 quisque
302 1860 419 1891 estex
437 1859 725 1901 crumenimulga
742 1859 810 1891 ista
825 1858 1028 1901 disciplina,
1048 1857 1111 1900 qui
1135 1866 1206 1888 non
1225 1855 1388 1899 protinus
1405 1852 1600 1892 exclamet,

131 1912 189 1946 Mi
215 1911 340 1944 homo!
366 1922 512 1954 operam
536 1912 643 1946 ludis.
693 1912 901 1946 Canonistae
928 1911 1074 1956 quidem
1102 1911 1201 1953 apud
1228 1920 1294 1943 nos
1318 1918 1389 1940 non
1415 1908 1599 1947 vaeneunt,

133 1977 250 2010 neque
268 1967 370 2000 Scoti
388 1966 523 1999 familia
541 1967 712 1999 familiam
727 1975 845 1998 meam
865 1964 959 1997 alere
977 1965 1102 2006 possit,
1120 1967 1158 1995 at
1175 1966 1316 1996 ceteros
1332 1963 1472 1994 interea
1484 1959 1601 1993 omnis

132 2021 215 2054 novi
237 2031 411 2064 perquam
429 2020 664 2062 familiariter,
691 2019 853 2062 religavi,
869 2017 1022 2051 distraxi
1048 2016 1175 2059 (addet
1201 2016 1351 2049 fortasse
1374 2013 1512 2057 norm),
1537 2014 1603 2047 do-

131 2078 220 2117 ctos,
236 2075 423 2111 indoctos3
450 2074 630 2118 antiquos,
646 2073 869 2111 neotericos;
895 2081 970 2113 cOS,
987 2080 1077 2115 quos
1094 2070 1258 2104 Minores
1276 2069 1403 2112 legunt:
1426 2067 1603 2112 quotidie,

131 2140 278 2175 eosque,
295 2129 358 2174 qui
387 2128 549 2172 Majorcs
574 2128 728 2172 legerint
747 2137 956 2170 nunquam;
981 2135 1055 2167 eos,
1075 2124 1139 2169 qui
1156 2123 1364 2168 scripserint
1383 2125 1425 2156 ut
1447 2121 1603 2164 legendo

133 2186 225 2219 bene
239 2185 286 2218 sit
302 2184 392 2225 aliis,
411 2194 557 2228 eosque,
576 2185 638 2228 qui
657 2186 697 2217 ut
713 2181 939 2216 comedendo
956 2180 1048 2213 bene
1065 2179 1110 2212 sit
1127 2179 1206 2212 sibi.
1257 2177 1383 2211 Meam
1403 2180 1527 2209 autem
1544 2186 1605 2209 ce-

131 2249 208 2274 ram
226 2249 411 2283 nunquam
438 2237 595 2282 signavit
614 2238 763 2272 Phaeax.
815 2235 977 2269 ValebiS.
1028 2234 1138 2276 Quod
1159 2234 1189 2267 si
1211 2233 1248 2267 in
1273 2232 1526 2267 Eruditiorum
1547 2229 1604 2264 bi-

132 2293 323 2329 bliothecis
340 2293 523 2327 hominem
541 2293 631 2327 velis
649 2292 886 2327 demonstrari
903 2290 984 2335 quis
998 2289 1056 2332 sit,
1072 2292 1133 2322 aut
1150 2298 1258 2333 quem
1276 2288 1441 2333 pluteum
1456 2286 1608 2327 habitet,

133 2349 198 2384 tibi
227 2348 511 2387 commonstrari,
528 2348 743 2381 tantundem
767 2349 833 2381 est.
885 2345 1005 2387 Quem
1030 2343 1140 2387 igitur
1162 2344 1264 2387 legis,
1279 2345 1323 2376 ut
1342 2342 1449 2382 noris,
1467 2340 1607 2384 accipe.

133 2403 283 2447 Phaeax,
302 2403 465 2448 quicum
490 2401 683 2436 Alcibiade
699 2402 805 2444 vixit,
836 2402 942 2440 δεινὸς
965 2399 1075 2444 ῥήτωρ
1102 2399 1323 2433 memoratur
1349 2397 1394 2431 ab
1419 2393 1607 2440 Aristophz

135 2471 192 2503 σχ.
211 2459 257 2493 ad
273 2459 335 2493 illa
352 2458 529 2503 Equitum
547 2467 581 2491 v·
603 2458 706 2491 1374.

463 2541 569 2584 Σοφός
586 2539 615 2583 γ’
631 2539 649 2572 ὁ
667 2539 786 2577 Φαίαξ,
803 2537 913 2578 δεξιῶς
930 2538 958 2570 τ’
976 2538 1034 2570 οὐκ
1052 2535 1213 2569 ἀπέθανε.
1621 2520 1683 2550 595

425 2629 427 2632 .
461 2598 679 2640 Συνερκτικὸς
695 2595 759 2639 γάρ
776 2595 855 2634 ἐστι,
875 2595 929 2627 καὶ
951 2594 1162 2636 περαντικὸς,

462 2652 530 2684 Καὶ
546 2651 812 2694 γνωμοτυπικὸς,
829 2650 884 2681 καὶ
901 2649 1011 2692 σαφὴς
1027 2649 1081 2681 καὶ
1098 2646 1303 2690 κρουστικὸς,

461 2706 728 2746 Καταληπτικός
745 2705 772 2738 τ’
791 2706 911 2748 ἄριστα
928 2706 986 2737 τοῦ
1002 2702 1238 2747 θορυβητικοῦ.

139 2785 207 2819 Ille
232 2785 290 2829 (ut
317 2787 356 2818 τὸ
383 2786 494 2824 δεξιῶς
518 2787 578 2818 οὐκ
605 2785 755 2818 ἀπέθανε
781 2783 932 2827 exponit
956 2781 1190 2826 Scholiastes)
1218 2790 1328 2815 causa
1353 2776 1482 2822 capitis
1507 2775 1608 2808 dicta.

139 2841 373 2884 ἔπαυτοφώρῳ,
398 2839 580 2873 sacundiae
600 2839 727 2873 debuit
750 2840 916 2873 salutem.
967 2838 1200 2872 Concordant
1223 2836 1356 2870 omnia.
1407 2831 1608 2866 Confirmat

139 2893 238 2927 enim
255 2896 373 2928 noster
391 2895 521 2928 Orator
538 2905 575 2928 se
592 2895 675 2928 olim
695 2894 823 2939 capitis
841 2902 991 2928 causam
1009 2894 1167 2933 dixisse;
1186 2892 1293 2925 fnisse
1309 2887 1495 2922 sententiis
1507 2885 1609 2928 judi-

141 2958 227 2982 cum
253 2948 480 2991 absolutum
506 2950 596 2983 duos
616 2949 763 2993 deinde,
783 2949 845 2994 qui
863 2950 898 2982 in
919 2950 1048 2983 eadem
1070 2958 1193 2982 secum
1212 2946 1343 2980 suerint
1365 2953 1485 2983 causa,
1506 2940 1608 2975 dissi-

140 3003 217 3038 mili
233 3006 356 3039 tamen
371 3015 456 3038 usos
472 3015 550 3040 esse
566 3005 710 3040 fortuna
727 3009 763 3039 et
780 3007 932 3041 mortem
951 3004 1113 3040 subiisse.
1162 3003 1306 3037 Locum
1334 2998 1548 3043 producam,
1566 2996 1609 3029 ut
