1839 3229
227 184 340 245 296

534 194 790 240 ΛΎΣΙΟΥ
828 196 1383 241 ΑΡΕΟΠΑΓῙΤΙΚΟΣ

226 304 326 360 οὔτε
366 329 503 370 σηκον
524 310 847 398 παραλαβών.
890 335 1029 379 τριτῳ
1061 309 1166 364 δέη
1145 335 1231 364 ετει
1273 310 1523 404 Δημήτριος
1548 311 1695 365 aureo-2

226 455 506 526 οἷπελευθερῳ
545 456 863 529 ἐμίσθωσα,
841 483 885 518 ος

228 630 283 659 TU
311 631 328 659 Ε

285 632 306 675 Ρ
332 631 369 667 ς
484 682 493 700 ¹
510 678 633 715 τέθνηκε,
650 681 691 711 R.

401 722 415 741 ³
430 722 544 762 πξότεον
557 725 596 754 Τ.
610 723 746 764 weh-egon
758 725 796 754 R.
806 724 852 754 A:

223 800 318 829 quare
330 800 389 819 non
401 788 486 830 μοξίοι
498 789 651 829 significet
666 791 747 821 idem
761 791 844 831 quod
860 790 944 821 ἐλαία

224 834 254 863 in
279 833 467 872 praecedenti
483 834 619 863 membro
633 834 645 862 ’ἕ
682 835 791 865 eadem
808 840 891 865 certe
909 845 943 870 u-

224 875 363 915 triusque
386 877 476 906 ratio.
500 882 531 906 et
555 877 598 907 ita
619 878 660 907 τιὶ
674 879 734 908 tria
750 883 837 908 erunt
851 889 943 920 syno-

223 929 324 960 nyma.
370 919 421 949 Sic
450 920 536 950 Orat.
562 921 664 952 XXI.
691 921 778 952 οὔτε
801 919 882 961 φίλος
897 924 944 963 ὢν,

223 962 305 992 οὔτε
328 964 473 1001 συγγενὴς,
496 963 581 994 οὔτε
604 962 740 1017 φυλέτης.
755 965 852 995 anibi
869 976 943 1005 quo-

224 1015 283 1044 que
298 1005 381 1035 dicet
395 1004 522 1046 φυλέτης
547 1010 578 1036 et
596 1009 730 1045 συγγενὴς
752 1008 833 1038 idem
850 1019 917 1039 esse
931 1009 944 1038 ”l

224 1049 289 1078 Sed
305 1049 343 1078 de
362 1049 408 1079 his
423 1060 486 1079 rem
501 1060 604 1080 veram
620 1050 662 1080 ita
672 1060 704 1080 se
714 1051 826 1081 habere
843 1056 941 1090 puto:

224 1089 325 1121 Ἐλαίοι
340 1097 388 1122 est
403 1093 522 1132 quaevis
537 1094 609 1123 olea.
633 1091 722 1132 Μοξίοι
734 1098 781 1123 est
795 1095 857 1125 olea
873 1105 942 1133 καις-

224 1133 344 1174 ποφόξος
360 1135 503 1167 ,Minmvae
523 1145 616 1166 sacra.
662 1136 722 1165 Hae
736 1137 818 1167 circa
838 1148 871 1167 se
888 1138 940 1166 ha-

225 1178 335 1208 bebant
359 1178 487 1218 τὲμενος,
512 1189 567 1209 seu
590 1179 765 1218 portionem
790 1181 941 1220 quandam

225 1221 286 1250 soli
300 1222 469 1252 consecrati
486 1227 517 1252 et
543 1223 581 1252 ab
601 1223 708 1252 usibus
735 1224 870 1263 profanis
886 1234 940 1253 ex-

225 1264 339 1303 empti3
363 1266 443 1303 quod
460 1264 532 1295 ideo
548 1275 605 1295 nec
628 1276 724 1302 arare,
742 1276 797 1296 nec
823 1267 940 1304 fodere,

225 1317 281 1336 nec
316 1307 492 1347 pecudibus
521 1306 648 1347 ἐμβατὸν
677 1310 777 1339 facere
808 1309 939 1340 licebat:

224 1350 306 1381 unde
321 1351 449 1390 ’φςοιγμᾷἷ
472 1361 526 1381 sen
540 1353 693 1390 sepimenta
718 1352 941 1383 muniebantur.

225 1393 466 1424 Redemtoribus
489 1395 612 1433 publice
639 1396 818 1426 locabantur
835 1397 939 1426 harum

223 1437 369 1468 Fructus,
416 1437 576 1468 Curatores
591 1443 689 1475 erant,
716 1449 771 1469 seu
799 1438 940 1479 ἐπιμελη-

222 1479 284 1515 ταῖ,
309 1491 347 1510 ex
369 1480 586 1521 Areopagitis;
610 1482 662 1520 qui
685 1481 814 1522 singulis
831 1483 941 1513 mensi-

222 1523 281 1553 bus
297 1523 336 1553 de
360 1524 467 1553 harum
483 1524 660 1555 conditione
686 1530 718 1555 et
743 1531 823 1555 statu
840 1526 942 1565 inqui-

222 1567 351 1596 rebant:
378 1571 408 1596 et
432 1567 525 1597 semel
549 1568 714 1606 quotannis
730 1570 853 1607 publice
871 1569 942 1599 mit-

221 1611 363 1640 tebantur
379 1608 565 1650 ἐπιγνώμονες
579 1609 675 1651 (male
691 1611 721 1640 in
740 1613 856 1642 Nostro
872 1612 939 1650 yvo-5-

220 1663 304 1692 μονες
321 1653 504 1694 vocantur),
519 1653 707 1693 inspectores,
725 1656 864 1692 ejusdem
882 1656 941 1685 Or-

220 1696 322 1733 dinis;
346 1696 399 1735 qui
416 1697 534 1728 minora
545 1697 626 1727 circa
641 1698 693 1728 has
703 1698 817 1728 delicta
833 1699 941 1738 punie-

220 1740 306 1769 bant.
352 1740 385 1769 Si
402 1740 471 1779 quis
487 1751 560 1770 vero
585 1741 827 1772 convincebatur
839 1742 940 1771 succi-

221 1782 318 1818 disse,
334 1783 384 1812 vel
400 1783 461 1813 alio
475 1784 568 1813 modo
583 1785 621 1814 de
636 1785 788 1814 industria
802 1782 938 1822 ἀφανίσαι

221 1835 312 1855 unam
326 1836 366 1856 ex
392 1826 438 1857 his
452 1828 544 1857 sacris
565 1827 644 1861 oleis,
659 1826 865 1856 mulctabatur
882 1826 939 1856 Ex-

220 1868 295 1904 silio,
313 1874 345 1899 et.
356 1869 444 1899 Bona
459 1871 528 1908 ejus
540 1869 573 1899 in
587 1869 742 1899 AErarium
758 1870 939 1906 redigeban-

222 1915 283 1940 tur.
329 1913 440 1941 Restat
466 1911 561 1945 Σηκός.
584 1912 611 1941 ἰ3
641 1915 689 1941 est
717 1918 841 1942 truncus
863 1913 939 1942 oleae

225 1964 324 1984 sacrae
333 1956 396 1993 jam
409 1952 523 1996 eftoetae,
541 1964 599 1984 nec
613 1954 744 1994 amplius
755 1954 940 1995 aagwocpbguv

222 1998 304 2028 unde
328 2002 415 2027 recte
441 1997 523 2027 dixit
551 1997 703 2027 Photius:
730 1998 742 2028 ὃ
758 1996 841 2031 σηκὸς
856 1998 884 2028 δὲ
899 2000 940 2027 νῦν

222 2050 233 2069 ε
243 2055 250 2070 ι
240 2039 293 2070 Ὗδό
303 2051 316 2073 ς
331 2039 410 2071 ἐστιν
422 2040 495 2080 ἱεςᾶς
508 2039 617 2076 ἐλαίας.
635 2041 775 2080 ejusdem
786 2047 851 2071 erat
866 2042 939 2070 San-

221 2083 340 2113 ctitatis
367 2088 398 2113 et
425 2084 510 2114 Juris
535 2094 591 2122 per
612 2084 722 2114 omnia.
746 2085 835 2123 cujus
856 2089 905 2114 est
926 2085 940 2114 ἢ

221 2126 318 2166 gangim.
374 2126 459 2161 Scio,
494 2127 568 2165 quid
597 2127 876 2166 Harpocrationem
909 2127 939 2157 in

223 2179 357 2199 errorem
393 2170 568 2200 induxerit:
594 2169 676 2200 istud
706 2181 830 2210 nempe,
859 2172 939 2209 quod

225 2211 312 2246 σηκὸς
327 2212 389 2249 hie,
405 2214 493 2252 cujus
510 2212 678 2243 effodiendi
695 2215 746 2244 vel
762 2213 941 2244 succidendi

223 2265 294 2285 reus
311 2260 376 2285 erat
391 2256 515 2292 Orator,
527 2261 572 2286 ter
582 2262 729 2295 quaterve
741 2257 821 2287 infra
835 2258 942 2296 appel-

224 2298 305 2327 letur
333 2297 431 2338 μοςίοι.
471 2303 502 2329 et
531 2305 616 2329 recte
648 2301 792 2339 quidem:
832 2301 940 2331 Omnis

223 2341 304 2371 enim
319 2341 405 2377 σηκὸς
419 2346 467 2372 est
479 2343 571 2373 etiam
587 2341 684 2383 μορίαι,
696 2349 846 2383 quatenus
862 2354 942 2374 sacer

225 2389 284 2420 est,
310 2389 342 2414 et
364 2395 382 2414 a
406 2385 585 2424 vulgaribus
606 2392 637 2416 et
659 2389 785 2426 privatis
799 2387 877 2417 oleis
895 2388 941 2417 di-

225 2427 366 2458 stinctus.
388 2429 441 2458 sed
460 2439 521 2458 non
539 2429 606 2459 vice
624 2440 733 2460 versa:
758 2431 844 2460 nulla
859 2431 940 2460 enim

224 2468 308 2509 μοςία
334 2476 382 2500 est
406 2471 507 2505 σηκός-ι
532 2473 686 2511 quoniam,
712 2478 747 2503 ut
769 2474 849 2510 dixi,
878 2475 942 2504 Ista

225 2518 275 2543 est
287 2512 474 2555 Frungera5
499 2515 575 2550 Hic,
591 2516 706 2546 sterilis
723 2521 839 2547 tantum
855 2522 945 2547 trun-

223 2566 285 2587 cus.
311 2557 389 2587 adeo
414 2560 447 2586 ut
471 2557 498 2586 si
516 2558 580 2587 haeo
600 2559 764 2598 Apologia,
786 2571 848 2590 non
873 2560 942 2602 ὑπὲρ

224 2600 276 2630 τοῦ
292 2600 389 2636 σηκοῦ,
405 2600 459 2629 sed
482 2599 551 2640 ὑπὲξ
566 2602 616 2634 τῆς
631 2602 730 2642 μορίοις
747 2604 850 2633 habita
867 2604 941 2634 fuis-

227 2646 287 2678 set,
302 2642 375 2672 nihil
391 2642 515 2673 omnino
531 2654 586 2683 per
600 2649 695 2674 totam
711 2646 887 2677 Orationem
903 2647 941 2676 de

227 2696 304 2716 voce
332 2685 417 2720 σηκὸς
446 2685 681 2718 audivissemus.
736 2689 848 2718 Fusius
880 2690 941 2729 egi,

226 2738 318 2768 quam
334 2739 389 2768 pro
403 2728 542 2759 instituto
558 2740 643 2767 meo3
667 2731 723 2760 sed
744 2733 808 2761 haec
835 2743 942 2762 neces-

228 2772 307 2802 saria
323 2776 408 2803 erant
423 2773 460 2802 ad
476 2753 653 2803 Orationeril
678 2775 753 2804 hanc
758 2775 941 2814 intelligen-

228 2815 309 2845 dam.
354 2815 477 2846 Viderit
492 2817 614 2852 Lector,
628 2827 664 2846 an
681 2818 757 2848 tanti
773 2822 861 2856 putet
875 2829 940 2848 eam

228 2858 432 2889 intellexisse.
477 2860 567 2896 Mox,
592 2870 649 2899 pro
674 2860 781 2896 οὑτοσὶ,
797 2861 941 2891 Schottus

230 2902 327 2931 voluit
350 2902 471 2932 οὑτωσίε
493 2914 553 2934 non
569 2908 664 2934 recte.
686 2904 781 2935 οὑτοσὶ
793 2904 871 2934 enim
889 2904 941 2935 δει-

228 2946 333 2978 κτικῶς
354 2946 482 2982 dicitur,
505 2951 536 2977 et
558 2947 630 2988 quia
652 2947 861 2978 adeo-anesus
877 2949 939 2978 De-

230 2988 366 3019 metrius.
381 3000 470 3028 quam
493 2992 533 3022 ob
552 3001 616 3022 rem
632 2991 671 3022 tle
694 2991 790 3023 altero
815 2991 937 3023 Condu-

127 400 206 439 270
227 380 479 473 εἶργασοοτο
520 380 725 436 ἓνιαυτον·
758 409 820 452 τῳ
862 382 905 437 ds
929 384 1156 485 1τετάρτῳ
1194 382 1368 454 Αλκίᾳ
1390 386 1696 445 ’'Aurae-Sevovq

960 460 1151 522 τεθνηκε
1205 484 1362 513 ταυτα
1411 460 1516 551 τρία
1566 459 1713 523 ρξ’-τη..

127 544 205 581 271
225 531 384 603 ομοίως
409 557 489 584 και
514 534 770 600 'prrsaeg4
793 532 1105 603 ἐμισθωσοοτο.
1135 532 1223 587 καί
1237 560 1311 607 μοι
1334 532 1507 603 ὃεῧρο”
1484 557 1551 587 ιτε
1576 535 1695 634 pede-v

966 681 1005 700 ²
993 694 1055 719 ετη,
1069 681 1169 722 ὁμοίως
1181 684 1217 716 ὡς
1231 681 1280 713 καὶ
1297 683 1318 712 οἳ
1335 693 1388 724 πρ.
1398 683 1438 713 Α.

1234 728 1246 748 ⁴
1259 725 1468 766 ἐμισθώσαντο.
1485 727 1522 755 Α.

977 797 1063 823 ctore
1079 803 1147 823 mox
1164 793 1302 834 loquens,
1323 794 1423 829 Aleia,
1440 793 1526 824 addit
1546 803 1602 832 per
1626 803 1694 832 par-

978 837 1131 877 enthesin,
1154 835 1180 871 ὃς
1209 835 1339 873 τέθνηκε,
1366 838 1460 867 tacite
1488 836 1635 867 rationem
1651 837 1694 867 al'-

977 880 1090 916 ferens,
1113 890 1208 919 quare
1233 880 1292 910 iste
1320 891 1441 920 quoque
1469 891 1528 910 non
1558 880 1693 910 adesset.

978 923 1201 954 Mammam.

1017 965 1162 1018 Τεὲνηκε]
1187 964 1316 997 Τέθνηκε.
1332 967 1431 996 ταῦτα
1445 965 1512 1005 vela.
1528 965 1577 997 ἐ’τη
1592 964 1693 1005 ομοίως

976 1008 1025 1037 καὶ
1057 1009 1191 1048 πξωτὲως
1216 1007 1421 1048 ἐμισθώσατο.
1453 1010 1561 1044 Cowr.
1609 1010 1692 1039 Loco

977 1053 1027 1081 τοῦ
1049 1051 1162 1083 τέθνηκε
1190 1052 1272 1082 aliud
1290 1054 1418 1082 verbnm
1441 1052 1615 1088 locandum,
1632 1056 1692 1085 ,aut

977 1095 1206 1135 negligendum,
1218 1096 1266 1125 vel
1277 1096 1465 1134 praecedenti
1480 1095 1604 1135 periodo
1616 1095 1693 1134 adji-

976 1138 1120 1168 ciendum
1143 1139 1245 1178 potius
1271 1144 1376 1169 censet
1403 1139 1559 1168 Schottus.
1604 1138 1691 1168 Idem

975 1191 1006 1220 p.
1024 1192 1055 1221 p.
1072 1183 1154 1212 delet
1165 1180 1371 1222 ἐμισθώσατο.
1416 1182 1497 1211 Vide
1525 1182 1621 1221 igitur
1648 1182 1692 1210 lo-

976 1235 1047 1254 cum
1071 1225 1113 1254 ita
1128 1225 1341 1255 immutatum:
1379 1223 1472 1264 Τξίτῳ
1498 1223 1526 1254 δὲ
1551 1223 1608 1254 ἔτει
1633 1231 1691 1254 Δη-

974 1268 1094 1307 μήτριος
1107 1266 1134 1302 ὃς
1148 1267 1267 1299 τέθνηκε
1278 1267 1381 1298 οὑτωσὶ
1395 1267 1550 1306 εἰργάσατο
1561 1266 1692 1297 ἐνιαυτόν.

974 1313 1023 1349 Τῷ
1033 1311 1060 1340 δὲ
1068 1310 1309 1351 τετᾶξτῳἈλκίᾳ
1324 1309 1509 1344 Ἀντισθένους
1517 1309 1692 1348 ἄπελευθέξῳ

975 1352 1136 1393 ἐμίσθωσα.
1151 1355 1247 1384 ταῦτα
1258 1352 1324 1393 ‘reim
1340 1352 1388 1384 ’ἐτη
1405 1352 1506 1392 ὁμοίως
1519 1352 1568 1382 καὶ
1591 1354 1690 1392 orgeio-s·

974 1408 1024 1436 ξον.
1036 1398 1113 1427 Nam
1123 1403 1153 1426 et
1163 1408 1187 1428 π
1197 1397 1300 1437 ρότες
1310 1407 1341 1426 ον
1355 1406 1476 1435 qnoque
1488 1397 1591 1436 legere
1604 1396 1691 1426 vide÷

974 1446 1024 1470 tur
1039 1451 1107 1470 cum
1123 1441 1289 1479 Stephano.
1335 1440 1489 1469 Confiteor
1505 1440 1606 1469 locum
1624 1450 1691 1469 esse

976 1484 1050 1513 satis
1067 1484 1212 1523 rigidum,
1228 1484 1283 1513 sed
1297 1483 1334 1512 ad
1352 1483 1511 1512 Schottum
1528 1483 1691 1512 emendan-

978 1532 1037 1556 tem
1070 1537 1129 1556 non
1158 1527 1273 1557 accedo
1302 1526 1424 1555 lubens.
1474 1526 1536 1555 Pro
1563 1524 1692 1565 πςότερον

976 1570 1058 1608 quod
1084 1569 1157 1599 nihil
1187 1574 1246 1604 est,
1271 1567 1394 1608 προτὲως
1421 1568 1519 1598 Coisl.
1564 1568 1647 1605 Quid
1664 1569 1690 1598 si

976 1614 1115 1642 mecum?
1130 1611 1178 1651 Τῷ
1194 1611 1222 1641 δὲ
1238 1613 1370 1653 τετάρτῳ
1384 1610 1485 1650 Ἀλκίᾳ
1501 1610 1691 1646 Ἀντισθένους

974 1654 1150 1694 ἀπελευθέξῳ
1176 1653 1346 1694 ἐμίσθωσα,
1383 1653 1413 1688 ὃς
1440 1655 1560 1684 τέθνηκε
1589 1657 1688 1684 ταῦτα

974 1697 1037 1737 τξία
1054 1698 1115 1729 ἔτη.
1137 1697 1240 1736 ὅμως
1262 1699 1311 1728 καὶ
1336 1697 1463 1738 πρότεξον
1480 1697 1689 1738 ἐμισθώσατο.

975 1742 1033 1771 Vel
1064 1752 1132 1771 cum
1164 1742 1232 1771 MS.
1259 1742 1323 1771 fere
1352 1747 1479 1771 nostro:
1505 1740 1609 1780 *Ὅμως
1639 1741 1689 1770 καὶ

974 1784 1065 1817 τέως
1087 1783 1326 1824 ἐμισθώσοιτολ.
1344 1795 1372 1815 e.
1391 1784 1476 1814 Dum
1490 1785 1573 1814 vixit.
1597 1785 1688 1814 ΤΑΥ-

976 1838 1053 1858 Lon.
1077 1829 1187 1857 Totum
1205 1828 1305 1857 locum
1318 1828 1360 1857 ita
1374 1828 1444 1866 lego
1460 1831 1491 1856 et
1507 1827 1687 1865 distinguo:

974 1871 1016 1910 τῷ
1031 1870 1058 1900 δὲ
1074 1870 1219 1909 τετάρτω,
1234 1869 1340 1909 Ἀλκίᾳ
1353 1869 1544 1904 Ἀντισθένους
1557 1871 1687 1899 ἀπελευ-

974 1912 1047 1953 &egui
1061 1911 1222 1951 ἐμίσθωσα
1235 1912 1279 1953 (ὃς
1289 1911 1418 1954 τέθνηκε)
1432 1914 1532 1942 ταῦτα.
1547 1912 1613 1952 ‘reia
1626 1912 1688 1943 ἔτη

973 1954 1006 1989 ὃς
1029 1953 1129 1996 ὁμοίως
1157 1957 1242 1991 τοῖς
1262 1955 1390 1995 πξότεξον
1415 1955 1619 1996 ἐμισθώσατο.
1642 1954 1690 1985 καί

973 2011 1024 2038 μοι
1067 1999 1141 2038 δεῧξο
1183 1998 1226 2030 ἰ’τε
1268 2000 1420 2040 μάρτυρες.
1478 2004 1687 2029 ΜΑΡΤΤΡΕΣ.

975 2041 1103 2072 Ἐπειδὰν
1117 2048 1178 2072 etc.
1223 2042 1437 2082 Explicatione
1454 2052 1513 2071 non
1537 2042 1688 2081 indigenta

975 2085 1075 2124 ὁμοίως
1099 2090 1199 2115 tamen
1215 2086 1276 2120 τοῖς
1290 2085 1428 2127 ντξότερον,
1445 2090 1492 2115 est
1506 2085 1606 2114 iisdem
1620 2095 1688 2115 ccm-

974 2129 1145 2165 ditionibus,
1171 2129 1276 2168 quibus
1288 2130 1409 2168 priores.
1435 2138 1518 2168 saepe
1534 2129 1577 2158 ita
1590 2128 1689 2167 loqui-

974 2176 1033 2201 tur.
1078 2172 1219 2202 Notanda
1249 2182 1372 2212 quoque
1403 2172 1535 2202 Locutio
1563 2169 1688 2201 ταῦτα

974 2215 1039 2255 τρία
1060 2213 1121 2251 ἔτη,
1145 2216 1185 2245 de
1210 2215 1297 2245 annis
1319 2216 1445 2254 proxime
1461 2214 1584 2255 elapsis.
1600 2212 1631 2244 et
1645 2212 1689 2245 i‘ta

974 2258 1110 2298 loquitur
1133 2258 1287 2288 Lucianus
1315 2258 1509 2289 Hermotimo
1535 2257 1617 2287 circa
1631 2258 1688 2287 ini-

975 2301 1069 2339 tium;
1095 2306 1125 2331 et
1152 2301 1235 2332 alibi.
1281 2301 1399 2332 Addidi
1428 2302 1567 2332 ultimum
1595 2307 1687 2330 MAI*-

974 2350 1106 2381 ΤΤΡΕΣ,
1131 2346 1211 2385 qnod
1238 2345 1397 2375 exciderat
1423 2349 1551 2384 propter
1575 2353 1687 2382 praece—

975 2389 1068 2418 dens:
1093 2393 1124 2418 et
1146 2389 1190 2418 ita
1206 2388 1450 2418 Vanderheidius
1476 2388 1506 2417 in
1534 2387 1687 2417 Versione

975 2442 1040 2462 sua.
1085 2431 1206 2462 Passim
1228 2432 1287 2461 hoc
1309 2431 1422 2461 accidit
1444 2431 1572 2465 Nostro,
1595 2430 1688 2465 Isaeo,

974 2475 1142 2514 Andocidi,
1178 2474 1373 2515 Antiphonti,
1403 2478 1434 2502 et
1464 2473 1533 2503 aliis
1562 2473 1592 2502 iu
1633 2474 1689 2504 hac

974 2519 1123 2557 Stephani
1154 2518 1300 2549 Editione
1331 2516 1526 2547 Oratoribus,
1569 2517 1687 2546 Iterum

975 2561 1120 2592 Schottus
1141 2562 1246 2592 turbat
1268 2560 1380 2590 omnia.
1425 2557 1601 2599 Stephanus
1614 2564 1685 2588 con

970 2605 1090 2643 jecerat
1116 2604 1258 2645 πρότεξονε
1283 2604 1364 2643 quod
1383 2613 1442 2632 non
1459 2602 1533 2632 satis
1558 2601 1687 2631 estsine

974 2649 1044 2681 τοῖς.
1080 2648 1302 2678 MARKLAND.
1349 2646 1483 2676 Videtur
1510 2644 1555 2674 sic
1584 2645 1688 2683 legen-

975 2691 1070 2720 dum:
1094 2690 1206 2740 ὁμοίως,
1232 2691 1268 2725 ὡς
1290 2688 1341 2719 καὶ
1364 2688 1392 2719 οἳ
1410 2686 1536 2728 πρότεςον
1552 2686 1686 2727 {lam-&³-

974 2745 1071 2763 παντο.
1088 2744 1147 2772 par
1149 2735 1158 2763 i
1170 2739 1268 2773 pacto,
1282 2737 1369 2772 atque
1382 2732 1419 2760 zis
1432 2732 1618 2767 εισειιυεναιη,
1638 2733 1688 2772 qui

969 2787 1056 2815 przus
1061 2776 1200 2816 fundum
1214 2775 1427 2805 conduxerant.
1450 2773 1566 2804 Rmsx.

1016 2818 1151 2859 Τέθνηκε]
1176 2820 1253 2848 Post
1267 2816 1380 2848 τέθνηκε
1400 2817 1532 2857 apposui
1557 2827 1688 2854 comma,

974 2872 1034 2901 quo
1050 2862 1087 2891 ad
1101 2862 1242 2901 proxima
1255 2862 1320 2891 haec
1335 2860 1393 2890 tria
1409 2863 1515 2897 verba,
1532 2859 1598 2900 τρία
1613 2861 1684 2889 ταῦ-

974 2915 1014 2934 τοι
1030 2903 1090 2940 ἐ’τη,
1107 2915 1144 2934 ne
1158 2905 1341 2935 referretur:
1355 2904 1409 2933 illa
1425 2903 1506 2934 enim
1523 2904 1617 2935 verba
1627 2913 1687 2932 non

974 2959 1043 2978 eum
1058 2945 1181 2985 τέθνηκε,ν
1196 2948 1249 2978 sed
1262 2957 1332 2978 cum
1347 2945 1507 2988 ἐμίσθωσα
1520 2948 1685 2976 cohaerent.

973 2992 1081 3023 elocavz·
1095 2991 1236 3032 fundum
1252 3001 1353 3022 meum
1369 2991 1461 3022 Alciae
1474 2992 1506 3021 in
1523 2989 1576 3020 hoc
1592 2991 1684 3020 men-

1549 3042 1555 3058 l
