1839 3229
224 196 283 239 46
764 195 955 241 LYSIAE
988 198 1147 243 VITA.

227 304 385 352 macies,
397 303 639 356 Theognis,*
648 305 867 351 AEschines,
881 306 1125 358 Theogenes,
1139 307 1386 354 cleomedes,
1401 308 1693 357 Erasistratus,†

227 365 394 416 Phido,‡
429 367 723 414 Dracontides,1
757 367 981 415 Eumathes,
1017 369 1282 417 Aristoteles,§
1325 369 1622 422 Hippomachus
1653 377 1694 410 et

230 429 526 477 Mnesithides.n
581 429 651 475 Hi,
676 429 743 468 ubi
763 430 963 481 paulisper
983 431 1123 483 Remp.
1147 431 1317 482 justitiae
1343 438 1381 469 et
1410 432 1689 471 moderationis

227 491 359 544 aliqua
379 492 494 530 laude
515 493 735 541 gessissent,
767 506 854 531 mox
876 493 948 531 tria
975 495 1092 532 millia
1111 493 1254 532 civium
1275 494 1516 541 adsciscunt,
1547 495 1688 547 quibus

227 554 381 606 imperii
409 567 594 592 summam
624 555 753 606 specie
784 556 1127 602 communicarent,
1159 569 1290 595 revera
1323 563 1453 596 autem
1484 557 1688 599 satellitum

227 616 319 655 loco
340 616 530 654 haberent
559 629 795 667 summaeque
815 617 1053 656 crudelitatis
1082 618 1343 658 administros.
1401 618 1556 656 Deinde
1575 619 1690 658 armis

228 690 252 715 a
279 677 419 716 ceteris
450 683 593 728 praeter
625 677 720 716 istos
745 678 900 716 MMM.
920 691 991 728 per
1010 679 1085 717 vim
1115 679 1320 730 ademptis,
1350 679 1460 730 quasi
1489 679 1618 718 aditus
1637 679 1689 718 ad

225 741 488 794 Tyrannidem
509 742 682 780 nondum
704 741 795 780 satis
817 742 985 781 munitus
1004 756 1088 781 esse
1108 744 1314 789 videretur,
1332 749 1398 781 aut
1417 743 1466 781 ad
1488 742 1689 781 continen-

226 803 317 842 dam
337 803 531 842 civitatem
553 817 688 855 parum
709 810 810 842 esset
831 804 869 842 in
890 818 960 843 suo
981 805 1160 843 satellitio
1181 804 1366 857 praesidii,
1389 804 1512 843 DCC.
1534 803 1689 851 milites,

222 865 474 904 excubiarum
505 865 673 913 nomine,
704 879 792 904 cum
815 866 980 905 Callibio
1009 866 1199 918 praefecto
1225 868 1433 919 (ἁρμοστὴν
1452 871 1594 905 vocant
1613 866 1688 904 La-

223 926 473 976 cedaemonii)
491 941 511 965 a
533 927 745 967 victoribus
765 928 985 979 impetrant.
1043 928 1163 967 Omni
1189 929 1306 979 igitur
1325 935 1431 967 metu
1452 928 1604 966 liberati
1627 933 1689 978 ty-

223 990 335 1028 ranni
356 990 513 1028 miseras
535 990 640 1028 urbis
671 990 851 1040 reliquias
878 991 1053 1029 caedibus
1082 997 1122 1030 et
1146 990 1306 1042 rapinis,
1328 991 1490 1054 Graecas
1509 991 1688 1029 civitates

223 1051 520 1090 Atheniensium
541 1052 739 1090 exsulibus
762 1052 935 1103 undique
955 1053 1167 1105 complent.
1171 1053 1201 1092 ΊῘ

274 1113 362 1152 Jam
390 1113 652 1165 stipendiariis
680 1114 886 1160 militibus,
922 1129 1020 1167 quos
1047 1129 1070 1154 a
1100 1114 1408 1154 Lacedaemoniis
1439 1119 1691 1164 acceperant,

222 1175 423 1214 mercedes
453 1182 563 1214 erant
593 1176 804 1223 solvendae,
835 1190 922 1216 cum
952 1177 1042 1215 Piso
1072 1183 1113 1216 et
1131 1177 1328 1228 Theognis
1348 1175 1628 1227 iniquissimam
1649 1176 1687 1213 in

221 1237 370 1276 Senatu
391 1238 621 1276 sententiam
642 1238 837 1285 dixerunt,
867 1245 910 1277 ut
936 1240 1125 1290 μετοίκων,
1156 1238 1222 1288 qui
1241 1237 1320 1276 fide
1340 1237 1501 1290 publica
1521 1236 1687 1275 Athenis

220 1299 451 1338 commorati
476 1307 566 1338 sunt
593 1307 822 1339 mercaturae
851 1301 1081 1339 exercendae
1111 1301 1249 1353 gratia,
1278 1300 1454 1350 adeoque
1474 1313 1514 1337 re
1535 1298 1688 1337 lautiori

221 1361 446 1408 utebantur,
484 1360 621 1407 denos,
656 1362 730 1406 vel,
764 1362 975 1400 secundum
1013 1362 1125 1407 alios,
1163 1362 1335 1413 singulus
1371 1374 1418 1399 ex
1452 1360 1688 1398 XXXvirali

218 1433 382 1460 numero
401 1422 594 1473 singulum
615 1422 979 1473 comprehenderet,
997 1435 1095 1473 quos
1115 1429 1238 1461 morte
1256 1423 1486 1473 plecterent,
1506 1427 1626 1472 atque
1645 1421 1686 1459 in

220 1496 353 1522 eorum
376 1483 476 1521 bona
498 1483 777 1522 involarentffi*
817 1484 953 1536 Lysias
976 1490 1110 1524 noster
1128 1498 1217 1523 cum
1236 1484 1491 1523 Polemarcho
1511 1484 1629 1523 fratre
1646 1485 1684 1523 in

219 1545 368 1598 clypeis
396 1545 635 1584 fabricandis
657 1559 815 1597 operam
846 1547 1069 1594 exercebat,
1087 1546 1289 1597 mancipiis
1310 1546 1360 1584 ad
1380 1559 1466 1584 eum
1488 1552 1685 1597 quaestum

218 1619 312 1646 usus
334 1606 383 1645 ad
403 1620 604 1645 numerum
625 1607 755 1647 CXX.
813 1608 954 1646 Eorum
983 1608 1101 1658 igitur
1122 1608 1273 1645 aedibus
1302 1613 1342 1645 et
1371 1606 1533 1645 officinis
1553 1607 1685 1646 exina-

219 1669 325 1716 nitis,
344 1669 500 1720 direpto
517 1683 606 1709 cum
623 1670 752 1721 operis
768 1670 915 1721 ingenti
935 1669 1108 1721 pondere
1130 1670 1214 1708 auri
1233 1676 1352 1720 atque
1365 1669 1530 1720 argenti,
1546 1670 1685 1708 relicto

218 1745 345 1783 neque
366 1745 456 1771 vase
473 1745 600 1784 neque
616 1734 860 1779 vestimento,
878 1733 1234 1771 Polemarchum††
1257 1731 1407 1770 indicta
1426 1744 1556 1779 causa,
1577 1745 1684 1772 more

216 1794 346 1846 patrio
366 1794 496 1832 cicuta
516 1794 752 1832 interimunt.
810 1794 958 1846 Lysias,
992 1794 1059 1844 qui
1088 1807 1137 1831 ex
1163 1807 1297 1831 eorum
1328 1793 1506 1831 manibus
1526 1793 1619 1843 suga
1642 1807 1683 1832 se

216 1856 374 1907 eripuit,
397 1855 463 1893 ubi
483 1855 610 1893 fratris
631 1856 791 1906 indigua
818 1869 912 1894 nece
940 1856 1098 1894 domum
1131 1868 1241 1893 suam
1268 1854 1454 1893 funestari
1475 1855 1588 1901 vidit,
1609 1868 1683 1895 nec

219 1917 434 1969 quidquam
464 1917 545 1968 spei
577 1917 649 1955 sibi
682 1917 871 1968 reliquum
901 1918 999 1968 fore,
1028 1922 1135 1956 extra
1156 1917 1327 1955 Atticam
1355 1929 1396 1955 se
1421 1916 1624 1964 subduxit,
1644 1917 1684 1956 iu

967 2021 999 2050 in
1015 2020 1067 2049 lib.
1081 2023 1112 2051 2.
1129 2020 1253 2050 Hellen.
1279 2021 1388 2059 Nepos
1414 2020 1444 2050 in
1470 2019 1632 2059 Lysandro
1652 2024 1684 2050 et

264 2021 282 2039 ⁸
299 2020 374 2060 Lys.
388 2031 416 2050 c.
432 2021 588 2050 Eratosth.
605 2019 759 2059 Harpocr.

966 2064 1173 2102 Thrasybulo.
1185 2064 1300 2093 AElian.
1312 2065 1348 2093 V.
1364 2064 1408 2093 H.
1422 2064 1485 2093 111.
1501 2065 1551 2093 17.
1573 2063 1685 2094 Senec.

263 2066 278 2096 †
293 2062 407 2104 Κριτίας
426 2063 473 2093 καὶ
488 2062 707 2104 Ἐρασίστρατος
721 2064 733 2092 ὃ
749 2061 868 2097 Φαίακος
881 2064 931 2093 τοῦ

220 2105 444 2147 Ἐρασισ-τςίιτου
459 2107 630 2146 ἀδελφιδοῦς.
658 2107 734 2136 Plat.
752 2107 848 2146 Eryx.

263 2153 279 2184 ‡
296 2151 369 2189 Lys.
385 2161 413 2179 c.
431 2151 586 2180 Eratosth.

263 2192 280 2232 §
297 2193 377 2223 Plat.
394 2194 424 2223 in
441 2193 635 2223 Parmenide.

264 2235 279 2277 11
298 2237 382 2266 Huic
398 2247 523 2266 numero
536 2237 607 2266 addi
623 2246 714 2275 posse
728 2235 848 2266 videtur
861 2236 930 2265 Cal-

218 2279 367 2309 laeschrus
383 2280 551 2310 secuudum
566 2281 659 2310 verba
676 2279 807 2319 Dionys.
825 2279 930 2309 Halic.

219 2323 348 2353 Rhetor.
363 2334 390 2352 c.
408 2325 438 2353 6.
463 2323 617 2363 Ἀνὲτρώπῳ
630 2324 684 2364 γὰρ
697 2321 832 2362 γενομένῳ
850 2324 930 2352 κατὰ

217 2364 266 2395 τᾶν
280 2366 329 2395 τοῦ
344 2365 553 2419 Καλλαίσχρου
564 2368 615 2396 τοῦ
635 2370 690 2396 τῶν
704 2367 866 2405 τριάκοντα,
886 2364 930 2396 C&-

218 2407 297 2442 βαιον
311 2408 367 2448 μὲν
381 2409 464 2445 οὐδὲν,
478 2413 520 2450 μὴ
537 2408 579 2440 ἔτι
600 2421 648 2439 και
670 2409 703 2439 τὸ
717 2409 802 2439 θανεῖν
816 2420 929 2448 γενομε·

218 2463 265 2491 up,
279 2451 328 2481 καὶ
344 2451 439 2491 ζῶντι,
453 2454 474 2483 εἰ
491 2455 533 2493 μὴ
547 2450 595 2482 οιόν
611 2463 643 2482 τε
659 2452 739 2487 ἐκτὸς
759 2453 847 2487 αυτ-ἧς·
865 2451 930 2485 Βαί-

218 2506 276 2526 νειν.
313 2497 433 2526 Laudat
445 2497 492 2526 vir
508 2496 588 2526 doc'
574 2495 704 2526 issimus
719 2496 846 2526 Critiam
861 2496 930 2525 Cal-

217 2539 351 2569 laeschri.
397 2539 490 2578 Atqui
506 2550 545 2569 ex
562 2539 703 2578 Collegio
718 2540 778 2569 isto
793 2550 850 2568 non
864 2544 929 2569 erat

216 2582 433 2618 Callaeschros,
455 2584 508 2612 sed
533 2583 645 2612 Critias
652 2563 761 2618 Dfilins,
784 2588 816 2612 ut
839 2582 929 2635 plane

216 2624 379 2664 legendnm
393 2626 452 2655 sit:
465 2628 544 2656 κατὰ
552 2625 598 2655 τὸν
610 2627 661 2656 τοῦ
673 2625 875 2666 Καλλαίσχρου
884 2624 929 2655 τὸν

215 2670 273 2698 τῶν
284 2669 445 2709 τριάκοντα..
476 2670 558 2699 Addi
575 2679 603 2707 q¹
603 2679 695 2708 loque
712 2679 804 2708 posse
819 2669 928 2699 viden-

219 2716 268 2743 tur
284 2713 414 2751 Satyrus
430 2717 460 2742 et
475 2713 613 2752 Cleopho
635 2723 672 2742 ex
696 2712 789 2751 Lysia
806 2724 836 2752 p.
851 2713 926 2742 476.

217 2755 250 2785 ni
265 2755 360 2796 legas,
375 2766 443 2795 quae
459 2755 501 2784 ibi
518 2755 672 2785 annotavi.
695 2756 870 2786 Phaedimus
886 2766 926 2785 ex

218 2799 420 2828 Demosthen.
431 2799 469 2828 de
479 2798 623 2828 ementita
635 2799 799 2837 legatione,
810 2799 830 2827 f.
844 2797 926 2828 idem

215 2847 307 2881 atque
323 2841 493 2871 Phaedrias.
521 2842 565 2871 De
583 2841 643 2871 ista
658 2842 844 2880 'l‘yrannide,
860 2841 927 2870 Cae-

218 2894 277 2914 sar.
296 2885 378 2924 apud
394 2885 519 2915 Sallust.
538 2886 639 2915 Laert.
660 2885 689 2914 in
706 2885 839 2914 Zenone.
856 2885 927 2913 Ale-

216 2929 311 2957 xand.
334 2929 372 2958 ab
387 2929 564 2958 Alexandro
582 2929 646 2958 111.
664 2930 713 2958 16.
730 2928 842 2957 sustin.
860 2928 879 2957 1.
895 2929 924 2958 6.

217 2972 345 3002 Orosius
359 2972 405 3002 ΙΙ.
425 2974 476 3003 15.
492 2971 587 3002 Diod.
599 2971 662 3003 Sic.
679 2971 697 3001 1.
713 2973 763 3001 14.
776 2971 925 3010 Xenoph.

965 2107 1005 2136 de
1022 2107 1192 2146 Tranquill.
1208 2118 1237 2136 c.
1252 2108 1283 2137 3.
1307 2107 1407 2136 Isocr.
1424 2106 1453 2135 in
1471 2107 1586 2145 Paneg.
1601 2112 1633 2136 et
1654 2118 1683 2138 c.

966 2149 1244 2181 Callimacl1.Gell.
1261 2150 1374 2180 XV11.
1390 2152 1443 2180 21.
1461 2149 1624 2179 Heracliti.
1640 2150 1682 2180 de

966 2193 1099 2223 Politiis.
1111 2193 1266 2223 Plutarch.
1283 2193 1322 2222 de
1336 2192 1472 2222 Solertia
1484 2193 1682 2223 Animalium.

1007 2236 1032 2270 ἺῘ
1049 2235 1133 2266 Οὕτω
1149 2237 1196 2266 καὶ
1219 2237 1240 2266 οἱ
1257 2237 1446 2276 τυραννοῦντες
1462 2235 1582 2286 ἄρχουσι
1598 2247 1684 2275 μιαι-

963 2279 1066 2318 φονίας,
1096 2280 1190 2320 &cmg
1216 2278 1274 2309 ἀπὸ
1300 2282 1355 2309 τῶν
1378 2281 1486 2319 πρῶτον
1507 2277 1684 2309 ἀπέκτειναν

965 2321 1099 2353 Ἀθήνησι
1124 2335 1170 2352 τον
1192 2324 1330 2353 κάκιστον
1356 2324 1412 2352 τῶν
1435 2324 1627 2362 συκοφαντῶν,
1654 2334 1683 2356 ος

966 2364 1138 2400 Επιτῆδειος
1154 2365 1371 2418 πςοσηγοςεύθη,
1385 2364 1434 2395 καὶ
1449 2364 1593 2406 δεύτερον
1581 2364 1682 2404 ομοίως

965 2410 1013 2438 και
1029 2408 1132 2450 τρίτον,
1146 2409 1212 2439 εἶτα,
1231 2407 1264 2439 ἐκ,
1279 2408 1380 2439 τούτου
1394 2407 1523 2442 συνήθεις
1543 2407 1682 2448 γενόμενοι

963 2452 1114 2493 Νικηςαιτον
1130 2453 1215 2493 ἐώρων
1231 2452 1426 2491 ἀπολλύμενον
1446 2450 1493 2481 τδν
1509 2450 1611 2487 Νικίου,
1631 2451 1681 2481 καὶ

963 2494 1112 2536 Θηξαμὲνη
1140 2495 1187 2526 τὸν
1215 2493 1384 2536 στρατηγὸν,
1413 2494 1462 2524 και
1493 2493 1682 2535 Πολέμαρχον

963 2538 1010 2569 τὸν
1033 2539 1193 2579 φιλόσοφον.
1244 2538 1404 2568 Plutarch.
1429 2538 1468 2567 de
1500 2547 1557 2567 esu
1586 2540 1680 2568 Carn.

966 2583 1102 2612 Eandem
1119 2581 1358 2612 moderationem
1378 2581 1409 2611 in
1434 2580 1524 2610 initio
1542 2580 1680 2620 tyranni-

964 2625 1012 2655 dis
1028 2630 1198 2656 memorant
1217 2624 1270 2656 alii
1293 2629 1435 2654 auctores
1455 2634 1570 2653 omnes.
1617 2624 1680 2663 Ly-

964 2668 1164 2708 siasp.192.
1187 2667 1482 2707 Xenoph.Diodor.

1004 2711 1046 2730 ¹²*
1060 2711 1229 2741 Avaritiam
1249 2716 1279 2740 et
1284 2678 1505 2740 perudelitatem
1529 2709 1584 2738 τῶν
1605 2713 1624 2737 λ
1647 2707 1680 2738 in

963 2754 1138 2793 expilandis
1147 2753 1345 2784 divitioribus
1357 2753 1441 2792 legas
1450 2752 1533 2792 apud
1546 2753 1678 2782 Isocrat.

963 2797 999 2827 in.
1009 2804 1086 2827 orat.
1104 2807 1172 2836 quae
1188 2797 1369 2827 inscribitur
1383 2795 1556 2836 ἅμάρτυςος.

1007 2843 1036 2873 ††
1053 2840 1271 2870 Polemarcbus
1298 2839 1521 2877 Philosophus,
1545 2836 1597 2876 qui
1614 2846 1680 2866 me-

961 2888 1096 2913 moratur
1120 2893 1138 2912 a
1158 2883 1323 2913 Plutarcho
1349 2882 1388 2911 de
1413 2892 1467 2912 esu
1492 2880 1635 2910 Carnium
1661 2890 1678 2909 a

964 2926 1152 2957 XXXviris
1180 2927 1276 2957 fuisse
1305 2925 1494 2960 interiectus,
1517 2934 1575 2954 non
1600 2923 1678 2953 alius

963 2970 1095 3001 videtur.
