1819 3219
629 469 672 520 Ι.
704 469 748 520 1.
784 468 1077 521 {misisti

460 609 519 674 A
558 608 620 673 D
721 608 778 674 L
810 608 879 673 Y
915 609 958 673 S
996 608 1027 673 Ι
1063 610 1123 674 A
1167 607 1238 672 M

687 758 1016 799 PRAEFATIO.

132 958 201 993 AD
235 956 384 1007 Lysiam
415 956 604 1006 praefandi
630 969 738 1008 paene
770 957 889 994 otium
921 955 1011 993 mihi
1045 955 1136 993 fecit
1169 955 1329 1007 Taylori
1361 954 1571 1006 diligentia.

132 1018 255 1068 Cujus
276 1018 325 1056 de
346 1017 515 1055 editione
530 1018 779 1068 reliquiarum
792 1018 919 1070 Lysiae
935 1018 1014 1065 nbi,
1035 1018 1164 1067 quoad
1186 1024 1446 1068 opportunum
1466 1017 1573 1055 vide·

130 1079 245 1126 bitur,
266 1093 332 1117 eos
352 1079 536 1124 docuerO,
568 1080 635 1129 qui
667 1092 712 1117 ea
744 1085 889 1127 carent,
925 1079 1106 1128 accingar
1135 1079 1184 1116 ad
1218 1079 1574 1123 demonstrandum,

129 1140 222 1189 quid
243 1153 429 1178 novorum
443 1146 752 1179 ornamentorum
765 1141 813 1179 ad
829 1141 933 1179 hunc
949 1145 1139 1179 oratorem
1158 1153 1182 1177 a
1202 1153 1260 1178 me
1275 1140 1495 1191 profectum
1510 1140 1572 1177 sit.

182 1203 307 1254 Lysiae
326 1210 503 1254 prostant
521 1203 708 1246 editiones
734 1203 823 1241 duae
851 1217 873 1242 a
901 1203 1072 1255 Tayloro
1095 1209 1255 1249 curatae,
1285 1203 1403 1241 altera
1436 1203 1573 1250 minor,

129 1277 205 1314 qua
219 1277 416 1315 nunquam
431 1277 521 1302 usus
542 1278 643 1309 sum;
665 1265 786 1303 altera
806 1265 941 1316 major,
965 1264 1032 1315 qui
1053 1264 1197 1303 fundus
1217 1269 1276 1302 est
1296 1270 1438 1302 nostrae
1456 1264 1573 1314 hujus

125 1326 371 1363 recensionis.
429 1327 500 1363 Illa
521 1326 657 1372 minor,
687 1332 872 1375 quantum
907 1340 928 1363 e
958 1325 1061 1364 fama
1091 1326 1183 1363 mihi
1211 1325 1400 1372 constitit,
1433 1331 1575 1376 praeter

125 1387 338 1425 orationem
355 1387 480 1439 Lysiae
496 1387 677 1423 Graecam
698 1384 860 1436 ejusque
876 1386 1053 1424 Latinam
1069 1387 1424 1438 interpretationem
1439 1400 1461 1425 a
1472 1388 1574 1438 Tay-

125 1450 210 1487 loro
229 1449 504 1498 conscriptam,
526 1446 623 1484 nihil
644 1452 751 1485 tenet
774 1460 905 1485 eorum
935 1448 1119 1496 omnium,
1138 1463 1225 1500 quae
1254 1450 1390 1495 multa,
1411 1455 1450 1487 et
1470 1450 1574 1488 haud

123 1509 406 1549 contemnenda
425 1514 530 1547 tenet
550 1508 686 1558 major.
742 1509 846 1547 Huic
875 1514 1018 1556 autem,
1039 1509 1088 1547 de
1109 1523 1187 1560 qua
1216 1511 1295 1548 sola
1323 1511 1574 1560 imposterum

125 1572 347 1623 disputabo,
361 1571 511 1610 titulum
532 1571 636 1609 hunc
656 1571 826 1622 praefixit
846 1571 996 1609 Editor.
1051 1574 1075 1592 ‘⁴
1091 1571 1295 1611 ΛΥΣΙΟΥ
1320 1572 1396 1610 ΤΑ
1427 1571 1574 1610 ΠΕΡΙ-

124 1632 431 1672 ΓΕΝΟΜΕΝΑ.
518 1633 687 1670 LYSIAE
735 1632 1052 1670 ORATIONES
1099 1633 1167 1670 ET
1214 1633 1574 1672 FRAGMENTA.

127 1696 271 1734 Graece
290 1700 329 1733 et
344 1694 495 1732 Latine.
516 1693 565 1731 ad
585 1693 701 1732 finem
721 1694 838 1732 codd.
856 1694 1049 1732 Mstorum
1070 1694 1277 1741 recensuit,
1295 1695 1394 1732 notis
1408 1695 1574 1743 criticis,

126 1756 444 1808 interpretatione
478 1768 592 1802 nova,
624 1761 833 1805 ceteroque
864 1761 1053 1806 apparatu
1086 1755 1302 1794 necessario
1335 1755 1496 1794 donavit
1515 1757 1573 1796 10.

122 1818 280 1870 Taylor,
298 1819 346 1856 A.
368 1818 426 1855 M.
447 1816 528 1854 Col.
551 1817 599 1854 D.
613 1817 720 1854 Ioan.
737 1817 904 1855 Cantab.
925 1818 1014 1855 Soc.
1037 1817 1368 1861 Academiaessolim
1385 1830 1408 1854 a
1428 1817 1576 1856 Biblio-

123 1880 261 1928 thecis‚
275 1879 389 1917 hodie
403 1892 425 1916 a
439 1878 746 1917 Commentariis.
766 1879 958 1916 accedunt
971 1879 1031 1917 Cl.
1048 1879 1220 1917 Ieremiae
1239 1878 1475 1925 Marklandi,
1488 1880 1574 1918 Col.

125 1942 175 1979 D.
192 1942 275 1980 Pet.
296 1942 385 1979 Soc.
399 1940 660 1989 Conjecturae.
694 1941 860 1979 Londini
880 1955 926 1979 ex
945 1940 1097 1979 officina
1118 1941 1225 1980 Guil.
1241 1941 1415 1993 Bowyer,
1430 1942 1468 1980 in
1481 1941 1574 1980 aedi-

123 2004 196 2042 bus
217 2003 305 2041 olim
326 2003 595 2041 Carmeliticis.
613 2002 759 2044 1739.’'
810 2003 982 2041 Titulum
1004 2004 1106 2042 hunc
1127 2003 1271 2054 excipit
1292 2003 1479 2054 Epistola,
1498 2017 1575 2054 qua

123 2070 247 2106 totum
273 2066 346 2103 hoc
366 2077 465 2116 opus
494 2069 519 2087 “
533 2064 776 2103 ornatissimo
795 2066 1190 2116 praestantissimoque
1211 2065 1293 2103 viro
1313 2065 1370 2102 Io.
1391 2066 1574 2116 Tempest

123 2127 346 2178 Armigero''
376 2126 612 2165 inscribitur.
670 2127 765 2165 Eam
785 2128 955 2176 sequitur
974 2128 1156 2166 Praefatio
1174 2127 1352 2178 Taylori3
1383 2133 1462 2165 tum
1483 2126 1574 2164 Vita

122 2188 251 2239 Lysiae
272 2188 477 2227 ab'eodem
492 2188 726 2239 conscripta.
748 2189 811 2227 cui
833 2189 1034 2239 subjectus
1055 2195 1114 2227 est
1132 2189 1283 2227 libellus
1301 2188 1573 2241 DionysiiHa-

121 2250 343 2288 licarnassei
358 2250 406 2287 de
429 2250 557 2300 Lysia,
576 2263 664 2288 cum
685 2250 882 2288 Plutarchi
903 2251 1029 2289 Photii
1049 2251 1291 2300 aliorumque
1310 2251 1358 2288 de
1380 2250 1498 2302 Lysia
1517 2257 1573 2288 te-

123 2312 321 2350 stimoniis.
362 2312 474 2357 Haec,
491 2325 578 2360 quae
599 2311 695 2358 dixi,
716 2312 842 2350 omnia
858 2313 1016 2363 paginas
1033 2313 1071 2351 in
1092 2318 1229 2361 quarto
1249 2311 1393 2361 majore
1412 2312 1573 2363 implent

121 2374 341 2424 nonaginta.
372 2374 470 2411 Inde
493 2373 635 2423 iegitur
664 2374 749 2424 ipsa
770 2375 912 2412 Graeca
941 2375 1069 2425 Lysiae
1100 2375 1238 2422 oratio,
1266 2387 1353 2412 cum
1377 2374 1572 2412 substrata

119 2435 436 2485 interpretatione
452 2434 609 2484 Taylori
623 2435 770 2482 Latina,
783 2442 821 2474 et
838 2436 927 2474 huic
945 2450 1074 2474 rursus
1096 2436 1294 2474 substratis
1315 2437 1572 2474 annotationi-

121 2497 194 2535 bus
213 2496 385 2546 Taylori,
406 2509 428 2534 a
444 2509 483 2546 p.
497 2500 534 2533 1.
551 2496 599 2533 ad
618 2499 708 2534 528.
746 2497 842 2535 Inde
860 2498 1016 2535 seorsim
1037 2499 1215 2549 leguntur
1233 2512 1385 2536 excusae
1400 2498 1572 2536 Ieremiae

121 2559 344 2596 Marklandi
364 2558 413 2596 ad
435 2558 584 2609 Lysiam
602 2558 851 2608 Conjecturae
866 2573 887 2597 a
902 2574 940 2610 p.
954 2564 1045 2598 429.
1059 2560 1107 2597 ad
1124 2573 1163 2611 p.
1177 2564 1269 2601 607.
1287 2573 1372 2597 narn
1390 2565 1573 2611 typogra-

119 2620 222 2671 phus
239 2620 495 2658 Londinensis
515 2620 551 2657 in
574 2621 742 2658 numeris
761 2621 982 2671 paginarum
1001 2622 1150 2660 erravit.
1191 2623 1369 2660 Posthaec
1385 2635 1407 2659 a
1427 2636 1465 2672 p.
1479 2625 1571 2659 613.

120 2682 169 2721 ad
189 2695 228 2732 p.
245 2687 336 2721 669.
355 2682 586 2732 Fragmenta
601 2682 729 2732 Lysiae
743 2696 764 2720 a
780 2683 948 2734 Tayloro
963 2684 1126 2721 collecta
1142 2690 1181 2722 et
1200 2684 1510 2721 annotationibus
1527 2683 1572 2719 il-

121 2744 293 2782 lustrata.
314 2757 401 2792 quae
423 2745 650 2793 Fragmenta
680 2744 822 2795 Taylor
842 2744 1001 2782 Thomae
1028 2746 1236 2796 Mangeyo,
1258 2745 1426 2782 Philonis
1446 2743 1573 2782 Judaei

122 2804 261 2842 editori
280 2807 372 2842 satis
388 2812 495 2851 noto,
518 2805 726 2855 inscripsit.
776 2807 810 2843 A
840 2819 877 2856 p.
894 2810 986 2846 671.
1001 2807 1214 2844 succedunt
1229 2819 1350 2855 nsque
1365 2805 1413 2842 ad
1430 2817 1467 2854 p.
1478 2808 1571 2843 722.

122 2865 273 2915 Taylori
287 2866 490 2904 Lectiones
505 2867 676 2918 Lysiacae
691 2867 900 2906 Guilielmo
915 2868 1085 2918 Clarkio,
1100 2867 1572 2912 CanonicoCicestriensi‚

121 2926 330 2976 inscriptae.
389 2930 535 2977 Agmen
555 2928 740 2966 claudunt
766 2929 921 2967 Indices
948 2930 1116 2977 aliqnot;
1154 2929 1298 2978 primus
1324 2928 1570 2976 antiquorum
