1901 3244
265 180 350 221 750

306 304 435 335 quoque
457 299 519 324 tam
539 295 647 325 dextro
662 295 859 336 gubernatori
875 305 978 338 pares,

307 342 340 366 et
366 337 601 378 aequiparabiles
631 338 664 368 in
688 349 780 379 opere
806 349 874 374 su0‚
894 349 976 369 com-

308 389 501 433 paraveram.
529 382 606 417 702,
630 383 662 410 ¹7.
702 382 737 421 c)
765 392 872 413 versus.
910 381 977 421 πρὸς

307 421 438 461 ἡμέραν
423 420 465 453 ην,
489 433 586 463 prope
601 424 774 454 accedebat
789 430 924 464 tempus,
942 430 975 454 ut

306 474 395 495 mane
411 466 505 502 fieret,
522 476 610 506 paene
624 466 835 497 illucescebat
853 469 905 501 14,
919 466 973 497 ult.

305 508 429 541 στάντες
455 507 522 548 πρὸς
543 508 675 548 ἑσπέραν.
701 514 830 543 stantes,
857 519 910 538 ora
933 510 971 538 ad

305 549 402 580 solem
419 551 613 581 occidentem
629 552 779 581 conversi.
797 553 912 586 253,1.
936 551 974 590 d)

307 592 321 621 ἦ
336 591 402 632 πρὸς
417 592 464 623 τὸν
484 592 610 633 πόλεμον
633 592 801 632 ἐπιστήμη.
830 596 904 629 914,
921 596 971 623 15.

305 636 358 666 sed
376 635 418 665 ibi
433 637 494 676 leg.
515 637 617 675 potius
633 637 682 666 τὴν
697 639 752 665 τᾶν
767 635 833 676 πρὸς
853 635 899 666 τὸν
919 636 970 665 πό-

303 682 401 716 λεμον,
417 679 481 708 scil.
499 677 662 708 «ποιούντων.
683 689 779 709 rerum
798 680 837 709 ad
855 678 969 709 bellum

300 720 481 750 facientium
497 721 669 750 scientiam.

259 763 416 802 προσάγειν
429 762 537 792 ἐνθάδε.
565 763 635 798 huc,
660 763 699 793 ad
718 763 882 804 populum,
899 774 968 804 pro-

302 805 424 834 ducere.
441 807 514 840 ⁰22⁷,
530 809 558 835 1.

258 847 519 888 προσαωογράφειν.
535 850 610 884 464,
628 850 658 878 8.
675 850 749 885 480,
767 851 797 879 4.

257 889 518 930 προσαπολωλέναι.
529 893 560 920 4‘
553 893 604 927 ·,>6
620 893 651 921 5.

257 931 465 972 προσβάλλειν]
482 933 659 968 immittere,
677 933 825 974 infligere,
842 933 882 963 de
906 934 966 964 diis

300 980 403 1014 pestes
431 975 547 1006 aliasve
571 976 675 1006 clades
701 976 835 1006 humano
863 978 966 1016 generi

298 1017 545 1048 immittentibus.
567 1017 679 1058 μείζους
692 1018 739 1047 καὶ
754 1018 967 1059 χαλεπωτέρας

298 1062 451 1100 συμφορὰς
464 1061 512 1090 καὶ
526 1060 628 1097 νόσους,
644 1060 658 1092 ἢ
675 1062 734 1094 τοῖς
745 1062 844 1095 ἄλλοις
859 1062 965 1102 ἀνθρώ-

299 1113 361 1135 ποις
376 1103 616 1143 προσβάλλοντες.
630 1104 737 1144 fragm.
756 1106 809 1138 ⁶2⁶2,
826 1108 877 1136 12.

256 1144 506 1186 προσγίγνεσθαι]
529 1148 568 1176 τὰ
598 1146 704 1175 τούτων
730 1145 856 1187 ἐχόμενα
886 1149 963 1177 κακοὶ

296 1187 494 1228 προσγίγνετάι
508 1200 569 1226 μοι.
583 1191 663 1224 745,
676 1191 706 1218 6.

254 1232 460 1283 προσγράφειν]
485 1231 602 1266 δοντες’
587 1231 709 1283 αργύριον
733 1231 776 1268 τῷ
802 1230 889 1271 ῥητορι
904 1231 964 1261 δια-

296 1271 486 1312 πράττονται
523 1284 607 1308 ’Τίνες
635 1286 676 1303 ’Τα
717 1273 845 1312 πόματα
886 1277 966 1314 σφῶν

297 1317 390 1345 αὐτῶν
425 1316 463 1350 εἷς
499 1318 549 1347 τὴν
586 1317 694 1347 στηλην
734 1320 964 1355 «προσγραφῆναι.

296 1361 371 1393 493,
386 1361 416 1388 Ξ.

254 1400 470 1442 προσδαιείζειν]
505 1400 762 1440 προσδεδανεῖσθαι
789 1400 848 1434 τοῖς
881 1399 963 1438 ξένοις

295 1444 343 1473 καὶ
358 1444 493 1474 ἄλλοθεν.
505 1449 613 1484 praeter
626 1454 679 1478 aes,
691 1444 774 1483 quod
792 1443 962 1483 hospitibus

295 1497 312 1516 e
341 1486 451 1528 Cypro
482 1487 522 1516 de
551 1496 604 1516 suo
634 1486 829 1521 credidisset,
860 1486 961 1516 adhuc

293 1529 375 1559 aliud
399 1539 521 1570 quoque
546 1530 583 1559 ab
599 1529 704 1559 amicis
726 1529 845 1559 credito
860 1539 960 1558 corro-

293 1583 392 1612 gasse,
418 1572 475 1603 sub
502 1572 682 1602 conditione
709 1571 804 1602 dandi
828 1572 960 1602 foenoris.

293 1617 368 1651 631,
386 1618 417 1646 4.
434 1616 509 1650 656,
525 1617 557 1645 3.

249 1658 400 1699 ωροσδεῖν]
424 1660 545 1687 πολλῶν
568 1656 594 1686 δὲ
621 1655 860 1696 προσεδεήθησαν.
884 1658 958 1693 695,

293 1703 344 1731 14.
375 1701 510 1740 ’ωροσδειν
532 1702 586 1740 γὰρ
613 1700 680 1739 πρὸς
702 1700 749 1730 τὸν
771 1698 876 1738 μισθὸν
898 1711 958 1733 τοις

292 1745 495 1777 πελτασταῖς.
513 1744 661 1773 mercedis
678 1743 815 1773 cetrariis
831 1743 958 1782 promis-

289 1797 331 1816 sae
346 1785 487 1816 nonnihil
503 1786 606 1815 adhuc
621 1790 733 1816 restare
749 1786 886 1815 nondum
901 1787 957 1816 de-

291 1839 432 1869 pensum,
444 1839 546 1869 neque
561 1835 768 1868 corrogatum.
783 1830 857 1863 626,
875 1831 905 1858 4.

249 1872 412 1912 προσεῖναι]
428 1873 468 1901 τὰ
481 1870 619 1912 προσόντα
635 1871 675 1912 τῇ
688 1872 790 1901 ’ω’όλει.
814 1870 862 1900 the
880 1871 958 1909 pub-

291 1915 330 1944 lic
346 1915 505 1945 Revenues.
529 1916 605 1949 703,
634 1915 689 1943 ult.
718 1914 754 1944 T.
782 1923 888 1943 verum
919 1924 956 1944 ea

289 1958 381 1988 lectio
410 1957 524 1987 vitiosa
547 1962 604 1987 est.
648 1956 718 1997 Ego
747 1966 852 1987 veram
883 1957 955 1986 dedi

286 1999 449 2040 προσιόετα.

245 2041 528 2082 προσενθυμεῖσθαι.
538 2043 615 2075 797,
632 2043 686 2071 13.

246 2083 478 2136 προσέρχεσθαι]
494 2082 658 2124 προσελθειν
672 2094 735 2122 μοι.
759 2085 812 2120 16,
828 2084 858 2113 5.
875 2085 952 2123 71⁰2,

291 2132 320 2157 1.
335 2126 402 2167 πρός
415 2138 460 2157 σε.
477 2129 528 2162 17,
540 2129 570 2157 2.
586 2126 623 2156 Τ

246 2170 387 2211 προσήκειν
402 2168 502 2209 ὅμοίως
518 2180 605 2209 καμοι
628 2180 679 2201 της
697 2166 857 2208 ἐλευθερίας.
878 2169 952 2203 174,

287 2223 362 2254 pen·
384 2212 456 2242 θυδὲν
477 2214 600 2252 ηγθυμᾱί
618 2210 775 2263 Χ’ω’ξθῧἺΙΙΜΕῑν
801 2211 868 2248 ἡμῖν
889 2221 954 2249 vim:

287 2267 386 2285 τουτον
400 2257 464 2289 τοὺς
475 2255 565 2294 δ’ρκους
579 2254 626 2282 καὶ
641 2255 697 2287 τὰς
708 2252 852 2286 συνθηκας.
875 2255 951 2289 507,

290 2301 320 2328 6.
336 2298 408 2328 ουδὲν
417 2296 554 2339 Ἀνδοκίδῃ
570 2299 625 2326 τῶν
645 2296 799 2326 συνθηκῶν.
821 2297 896 2330 234,
920 2297 951 2326 5.

288 2341 310 2370 οἱ
340 2351 521 2380 προσηκοντες
551 2341 651 2370 αυτῶν.
672 2340 746 2374 1⁶25,
764 2342 795 2368 1.
825 2340 900 2373 598,
922 2343 950 2369 ⁶2.

288 2385 364 2418 636,
375 2386 404 2413 2.
421 2386 495 2419 654,
512 2386 542 2413 ⁶2.
558 2382 676 2415 τούτοις.
696 2384 770 2417 1‘28,
781 2384 812 2412 3.
830 2384 904 2416 611,
920 2383 950 2411 5.

286 2436 316 2454 v.
332 2435 363 2475 p.
381 2427 454 2463 1⁰25,
469 2430 533 2455 not.
550 2428 602 2456 82.

245 2465 402 2519 προσιέναι]
427 2468 508 2520 ὁρᾶτε
536 2468 576 2496 τα
594 2466 745 2508 προσιόντα
765 2466 804 2506 τξί
821 2464 901 2496 πόλει
917 2467 952 2501 ὡς

287 2509 371 2547 ὄλίγα
383 2509 471 2540 ἐστίν.
486 2512 563 2548 703,
579 2510 634 2539 ult.
661 2510 680 2538 ἃ
704 2507 877 2548 δυνησόμεθα
902 2509 951 2538 δα-

287 2552 376 2593 πανᾷν
386 2551 419 2582 ἐκ
433 2555 486 2582 τῶν
486 2552 668 2604 ”vrgao-&wrm
680 2552 857 2591 λημμάτων.
876 2554 950 2588 854,

288 2599 342 2631 14,
353 2600 386 2625 et
402 2595 455 2625 ult.
465 2607 514 2633 γην
527 2594 696 2635 πριαμένους
706 2594 738 2623 ἐκ
752 2597 806 2624 τῶν
821 2594 953 2635 προσιόν-

288 2650 344 2667 των
358 2639 422 2671 τοὺς
437 2639 544 2672 παῖδας
554 2636 672 2676 τρέφειν.
690 2639 790 2671 907,1
800 2659 807 2666 .

245 2679 424 2721 προσίεσθαι]
448 2681 495 2710 ουκ
516 2680 626 2720 ἐ’φασαν
650 2678 853 2718 προσησεσθαι.
875 2681 950 2716 459,

288 2735 361 2764 pen.
377 2724 492 2764 Nileg.
506 2721 686 2776 προήσεσθαι.
709 2721 747 2752 Τ.

247 2765 471 2807 προσκαλεῖσθαι
494 2766 560 2806 πρὸς
581 2764 725 2795 ἀντίδοσιν.
742 2765 823 2798 745
836 2766 889 2794 10.
912 2763 948 2793 Τ.

289 2808 361 2839 δίκην
380 2808 512 2843 &etesiae
541 2805 774 2848 προσκαλεῖσθαι
811 2806 876 2846 πρὸς
905 2806 951 2835 τόν

288 2851 425 2885 βασιλέα.
440 2853 524 2892 apud
536 2861 639 2891 regem
653 2859 805 2880 sacrorum
818 2849 949 2889 aliquem

289 2895 480 2925 denunciare
510 2904 596 2925 reum
625 2892 787 2933 sacrilegii,
818 2896 871 2921 aut
894 2892 949 2920 im-

287 2937 413 2976 pietatis
428 2947 500 2978 erga
511 2938 596 2967 deos.
608 2938 723 2972 ι2063.
738 2934 950 2974 προσεκαλεσά-

288 2990 346 3017 μην
360 2978 444 3010 αὐτὸν
465 2979 530 3021 πρὸς
549 2979 594 3009 τὸν
616 2978 812 3019 πολέμαρχον.
828 2979 903 3013 729,
919 2980 950 3007 4.

705 179 901 223 INDEX
924 178 1308 224 GRAECITATIS

1057 293 1123 333 πρὸς
1142 296 1191 325 τὴν
1213 297 1303 334 φυλὴν
1336 295 1416 336 (vel,
1444 303 1475 328 ut
1500 297 1574 330 alibi
1600 299 1628 330 le
1629 299 1724 341 gitur,

1056 336 1122 375 πρός
1141 349 1206 372 τους
1232 339 1270 379 τῇ
1299 340 1380 380 φυλη
1402 339 1619 382 δικαζοντας)’
1604 354 1634 377 ης
1655 342 1723 373 εινοιι

1053 379 1226 410 σκήπτοιτο.
1241 373 1317 417 729,
1330 382 1385 412 ult.
1403 387 1435 413 et
1448 385 1524 420 730,
1537 388 1568 415 2.

1008 423 1248 462 προσκεφάλαιον.
1265 426 1386 460 395,6“

1008 465 1217 503 προσκτᾶσθαι
1230 466 1321 497 πόλιν.
1337 470 1413 502 410,
1429 469 1460 497 4.

1006 507 1253 549 προσλαμβάνειν]
1298 510 1334 543 ὣς
1367 508 1598 549 προσληψόμενον
1635 510 1717 542 αὐτὸν

1049 548 1233 588 δοκιμαστὰς
1247 552 1310 585 τοὶς
1322 551 1347 581 ἓν
1357 552 1454 582 ἄστει.
1470 555 1546 588 800,
1564 553 1618 583 ult.

1005 590 1254 631 προσλογίζεσθαι.
1270 596 1345 628 646,
1362 598 1391 625 2.

1004 632 1148 674 πρόσοδος]
1166 635 1302 674 πρόσοδοι.
1313 637 1556 676 supplicationes
1571 639 1713 668 deorum.

1048 677 1123 711 931,
1136 679 1167 706 3.
1183 677 1258 716 ἄξιον
1277 678 1405 716 ἧγεισθαι
1427 680 1534 709 ταύτην
1549 683 1597 711 τὴν
1608 680 1713 720 πρόσο-

1046 717 1087 747 δον
1107 720 1181 757 (hoc
1205 730 1302 759 genus
1327 722 1480 752 redituum
1504 722 1549 752 vel
1575 723 1711 761 vectiga-

1045 760 1192 802 1111111)τῇ
1212 762 1292 791 πόλει
1316 762 1516 800 Βεβαιοτάτην,
1540 777 1595 798 τας
1618 764 1713 798 οὐσίας

1045 804 1101 833 τῶν
1116 803 1443 844 ἓελόντανλειτουργεῖν.
1468 809 1545 842 704,
1562 811 1592 838 2.
1609 807 1710 847 πρόσο-

1045 845 1087 874 δον
1101 846 1156 885 μὲν
1171 847 1302 886 οὐδεμίαν
1317 849 1486 887 ἀποφαίνων.
1503 852 1579 886 909,
1595 860 1668 891 pen.

1002 887 1159 928 πρόσταξιν
1174 890 1342 921 ωοιεισθαι.
1359 894 1411 927 50,
1429 893 1460 921 8.

1001 931 1184 972 προστάτης]
1210 938 1372 982 patronus,
1386 943 1526 974 sponsor,
1555 934 1604 965 vel
1634 934 1711 964 fide-

1039 974 1143 1013 jussor
1164 985 1279 1010 eorum,
1296 975 1346 1014 qui
1365 976 1396 1006 in
1420 986 1484 1016 rep.
1505 977 1624 1017 degunt
1647 987 1709 1007 non

1043 1026 1098 1046 sua
1121 1018 1229 1058 patria,
1249 1018 1305 1047 sed
1334 1018 1445 1048 aliena.
1467 1017 1514 1049 ἐπὶ
1545 1020 1710 1071 προστάτου

1041 1059 1125 1099 (scil.
1157 1059 1323 1100 προστασία
1349 1061 1397 1091 vel
1423 1060 1554 1101 ἐξουσίᾳ)
1582 1072 1656 1100 quun.
1678 1061 1712 1092 in

1043 1103 1202 1143 peregrino
1225 1104 1290 1133 solo
1310 1104 1473 1135 habitabat
1498 1104 1555 1134 sub
1575 1104 1708 1144 patroci—

1042 1145 1105 1179 nio,
1138 1145 1245 1181 tutela,
1271 1151 1439 1186 potestate,
1470 1147 1653 1178 auctoritate
1677 1153 1709 1177 et

1041 1187 1165 1217 arbitrio
1180 1190 1311 1228 patroni.
1335 1191 1410 1224 874,
1425 1192 1454 1219 1.
1468 1191 1542 1225 880,
1559 1193 1591 1220 4.

998 1231 1206 1270 προστάττειν]
1226 1230 1411 1270 προσταχθὲν
1425 1231 1515 1271 αὐτῷ.
1536 1242 1604 1263 cum
1621 1242 1706 1262 man-

1041 1272 1149 1302 datum
1167 1274 1225 1312 ipsi
1237 1279 1328 1303 esset.
1343 1276 1418 1309 837,
1433 1273 1488 1303 ult.

998 1314 1183 1352 ’προστιθέναι
1195 1317 1243 1345 τὴν
1259 1315 1346 1355 θύραν.
1360 1316 1486 1356 januam
1507 1316 1589 1356 posti
1603 1317 1706 1357 appli-

1042 1366 1121 1391 care,
1148 1357 1177 1386 11.
1204 1368 1233 1387 e.
1253 1358 1375 1398 pessulo
1399 1358 1508 1388 obdito
1533 1359 1704 1390 obfirmare.

1043 1402 1095 1434 14,
1118 1403 1167 1429 14.
1189 1399 1306 1441 Taylor
1320 1401 1363 1431 sic
1380 1401 1618 1441 interpretatur:
1647 1409 1703 1441 put

1037 1446 1065 1470 to
1080 1441 1128 1471 the
1144 1441 1235 1473 Dour.
1248 1448 1268 1460 “
1284 1443 1463 1474 adducere'’
1476 1444 1589 1475 Latini.

996 1483 1261 1523 προστιμοῖν.357,
1280 1489 1308 1515 1.
1331 1486 1494 1522 aestimare,
1522 1488 1562 1517 de
1590 1487 1702 1517 mulcta

1038 1527 1225 1565 pecuniaria,
1242 1528 1339 1558 aliave
1354 1539 1459 1580 poena.

993 1568 1175 1610 πρόσφατος]
1195 1582 1245 1604 της
1261 1571 1338 1611 ὃργης
1353 1571 1397 1601 ἔτι
1419 1572 1594 1611 ’προσφάτου
1610 1572 1701 1605 οὔσης.

1037 1613 1112 1648 609,
1128 1616 1158 1643 8.

993 1655 1154 1695 προσφέρειν
1171 1655 1277 1693 λόγους.
1307 1660 1358 1692 11,
1380 1666 1451 1697 pen.
1479 1657 1576 1687 ducta
1606 1661 1702 1686 meta-

1035 1698 1132 1736 phora
1147 1710 1165 1729 a
1182 1709 1212 1728 re
1233 1698 1353 1728 bellica.
1402 1698 1451 1729 Ita
1473 1699 1622 1739 προσάγειν
1634 1700 1702 1728 ἇνίι-

1034 1751 1102 1777 γκην
1125 1741 1306 1772 Plutarchus
1329 1742 1361 1772 in
1385 1741 1510 1771 Solone.
1555 1742 1606 1771 lta
1637 1752 1700 1772 ma-

1034 1784 1151 1819 chinas,
1182 1790 1280 1814 turres
1311 1785 1489 1820 admovere,
1519 1784 1700 1823 admoenire,

1034 1827 1200 1867 scriptores
1214 1827 1328 1857 Latini.
1371 1826 1422 1856 Ita
1431 1836 1555 1867 quoque
1567 1826 1701 1857 Diodor.

1034 1868 1166 1905 Siculus,
1180 1879 1272 1910 quem
1295 1879 1365 1899 cum
1390 1870 1430 1899 ob
1453 1875 1567 1905 cetera,
1579 1874 1644 1899 tum
1660 1870 1700 1900 ob

1034 1910 1093 1941 hoc
1108 1922 1230 1953 quoque
1244 1912 1371 1947 adduxi,
1388 1917 1421 1942 ut
1436 1921 1497 1942 una
1511 1922 1605 1952 opera
1621 1912 1699 1942 duo-

1036 1955 1091 1984 bus
1109 1956 1228 1985 mendis
1245 1965 1454 1994 emungerem.
1477 1954 1608 1988 πλεύσας
1632 1953 1699 1993 πρὸς

1032 1998 1082 2027 τὴν
1110 1996 1209 2036 Καρίαν
1238 1996 1329 2027 Cimo
1359 1999 1416 2026 τῶν
1450 1996 1699 2036 παραθαλαττίων

1033 2039 1140 2068 πόλεων
1166 2039 1228 2068 δ’σαι
1254 2038 1309 2077 μὲν
1332 2037 1405 2068 ’ἦσαν
1428 2037 1460 2067 ἐκ
1484 2041 1536 2072 τῆς
1562 2038 1699 2074 Ἑλλάδος

1030 2080 1244 2120 ἀπῳκισμέναι,
1253 2081 1367 2116 ταύτας
1381 2083 1565 2121 παραχρῆμα
1580 2080 1698 2112 συνέπε-

1030 2133 1078 2152 σεν
1097 2123 1180 2163 (lege
1200 2122 1370 2160 συνέπεισεν,
1396 2129 1430 2153 ut
1459 2124 1636 2164 Xenophon
1659 2126 1699 2155 τὰ

1029 2164 1084 2204 μὲν
1110 2166 1292 2205 συμπείθων,
1318 2168 1358 2196 τὰ
1389 2166 1417 2196 δὲ
1447 2165 1622 2206 βιαζόμενος.
1646 2166 1696 2197 Ita

1031 2208 1207 2243 AEschines‚
1242 2208 1413 2249 Lycurgus,
1452 2208 1584 2248 aliique)
1622 2209 1696 2238 ἀπο-

1029 2263 1131 2282 στηναι
1143 2254 1199 2281 τῶν
1210 2253 1331 2290 Περσῶν·
1342 2250 1405 2280 δ’σαι
1422 2249 1446 2279 δ’
1462 2251 1583 2292 ὑπηρχον
1601 2250 1696 2303 εγχώ-

1029 2305 1090 2332 ριοι,
1116 2294 1164 2323 καὶ
1191 2296 1307 2333 φρουρὰς
1335 2293 1456 2335 ἐχουσαι
1481 2295 1624 2332 Περσικας
1647 2292 1697 2333 βία

1030 2337 1180 2375 προσάγων
1193 2335 1358 2375 ἐπολιόρκει.
1372 2336 1646 2366 Histor.Bile1.
1663 2342 1696 2366 tu

1028 2378 1113 2419 leges
1139 2378 1203 2412 βίαν
1228 2379 1387 2419 προσάγων,
1416 2384 1450 2409 ut
1477 2379 1596 2417 ἀνάγκην
1623 2379 1697 2409 Plu-

1029 2422 1162 2457 tarchus,
1173 2421 1251 2460 λόγον
1266 2422 1389 2452 Noster.
1413 2421 1558 2452 Similiter
1570 2431 1696 2462 quoque

1027 2463 1232 2505 Thucydides
1249 2468 1277 2500 1,
1294 2465 1345 2495 57.
1362 2463 1497 2504 ὀλιγώρως
1511 2464 1559 2493 καὶ
1576 2463 1696 2504 παρανό-

1027 2518 1092 2544 μως
1118 2506 1364 2548 προσηνέχθησαν.
1382 2509 1458 2542 333,
1479 2509 1509 2537 3.
1530 2509 1606 2542 84⁴2,
1622 2516 1694 2546 pen.

1028 2548 1066 2579 T.
1089 2550 1257 2591 ἀχαρίστως
1278 2560 1498 2589 προσενηνεκται,
1524 2549 1591 2580 scil.
1614 2549 1693 2587 υμῖν.

1029 2602 1094 2622 sese.
1111 2603 1182 2632 erga
1197 2603 1250 2622 vos
1265 2593 1359 2633 gessit
1370 2593 1406 2622 iis
1422 2592 1532 2627 modis,
1556 2591 1608 2632 qui
1625 2591 1691 2621 ani-

1029 2644 1110 2664 mum
1127 2640 1325 2675 acceptorum
1349 2633 1566 2665 beneficiorum
1583 2634 1691 2664 imme-

1028 2687 1141 2707 morem
1157 2679 1336 2717 proderent.
1353 2680 1428 2711 842,
1446 2686 1518 2716 pen.

983 2720 1171 2760 προσφοιτᾷν]
1210 2720 1254 2749 ἵνα
1276 2721 1297 2749 οἱ
1330 2720 1461 2751 Δεκελεῖς
1487 2721 1692 2757 προσ-φοιτῶσι.

1026 2773 1088 2803 quo
1105 2763 1271 2793 convenire
1287 2762 1386 2792 solent
1411 2761 1498 2791 statis
1517 2765 1689 2799 temporum

1028 2805 1156 2836 vicibus.
1173 2808 1249 2840 731,
1265 2806 1295 2833 3.
1318 2803 1438 2836 ἕκαστος
1462 2804 1539 2842 ὑμῶν
1565 2803 1688 2834 ειθισται

1026 2855 1207 2887 προσφοιταν,
1224 2847 1237 2875 ὁ
1255 2846 1310 2885 μὲν
1335 2847 1400 2886 πρὸς
1416 2847 1602 2885 μυροπώλιον,
1628 2847 1639 2876 ὁ
1662 2846 1689 2876 δὲ

1026 2889 1092 2929 πρὸς
1105 2891 1229 2929 κουρεῖον,
1238 2887 1250 2916 ὅ
1264 2888 1290 2918 δε
1307 2888 1372 2928 πρὸς
1385 2899 1599 2928 σκυτοτομειον.
1614 2890 1691 2924 754,

1027 2933 1058 2962 5.
1070 2932 1196 2964 ἅπαντες
1209 2930 1318 2962 είθισθε
1331 2940 1503 2973 προσφοιταν
1524 2943 1571 2962 και
1585 2929 1690 2970 διαπρί-

1027 2974 1084 3008 βειν
1097 2973 1283 3013 ἀλλουγέπου.
1299 2976 1374 3011 755,
1389 2976 1428 3006 5.γ
