1839 3229
260 175 314 216 60
593 204 597 208 -
794 175 985 218 LYSIAE
1016 177 1172 219 VITA.

260 288 405 333 σχῆμα,
437 284 497 319 καὶ
526 282 689 330 λαβόντι
718 283 840 335 ἕτερον
867 290 990 334 σῶμα,
1020 282 1087 321 σῦν
1105 285 1238 326 ἄλλοις
1257 285 1424 334 κόσμοισι
1442 286 1536 322 νέου’
1561 284 1708 337 Λυσίᾳ,

257 343 430 393 inquam,
453 343 553 383 δύντι
572 344 872 397 καταφθιμένων,
892 347 954 383 καὶ
971 347 1096 397 ζόφον.
1127 347 1280 384 Statuas
1293 358 1386 383 vero
1403 345 1528 396 Lysiae
1550 347 1622 385 sub
1637 347 1708 386 Ju-

259 405 366 442 venis
386 404 504 455 (νέου)
523 405 653 456 specie
674 406 834 444 formari
856 407 990 445 solitas
1008 407 1125 445 fuisse
1146 408 1268 457 (quod
1288 413 1328 444 et
1353 407 1392 444 in
1422 407 1505 445 aliis
1524 408 1626 447 Viris
1655 409 1708 446 11-

256 467 440 505 lustribus
462 480 566 518 saepe
587 467 751 516 factum)
775 469 934 506 innuere
956 469 1108 507 videtur
1128 469 1237 506 locus
1257 468 1438 507 Aristidis
1458 470 1581 510 Serm.
1598 471 1705 508 Sacr.

257 529 327 566 IV.
345 541 384 579 p.
401 534 492 567 335.
515 528 590 567 Ed.
608 529 718 566 Iebb.
741 530 807 568 ubi
822 529 861 567 in
877 531 1019 568 somnis
1036 545 1075 569 se
1091 531 1230 569 vidisse
1245 531 1300 569 ait
1313 531 1466 571 Λυσίαν
1480 532 1546 571 τὸν
1560 533 1708 584 ῥήτορα,

258 594 509 629 νεανίσκον
535 593 599 628 οὐκ
625 589 778 642 ἄχαριν.
837 591 972 642 Lysias
992 605 1082 630 vero
1109 605 1219 630 senex
1240 600 1414 630 mortuus
1435 599 1516 631 est:
1545 594 1645 632 adeo
1666 599 1708 631 ut

254 665 330 690 non
347 652 502 704 concipi
521 653 656 703 possit,
675 652 769 704 quid
792 653 885 691 velit
904 653 1094 692 Aristides
1114 669 1183 706 per
1201 655 1304 693 istud
1333 659 1542 703 νεανίσκον,
1561 655 1634 694 nisi
1654 656 1709 694 al-

252 714 362 753 ludat
379 715 429 753 ud
451 715 579 766 Lysiae
600 716 758 753 Statuas
787 715 1078 768 hujuscemodi,
1107 730 1204 767 quas
1237 730 1340 768 saepe
1368 717 1521 765 vidisse,
1549 725 1588 756 et
1606 718 1709 756 visas

252 777 291 814 in
322 776 465 815 somnis
493 777 710 828 agnovisse,
738 778 967 827 contigerat.
1025 778 1136 817 Δὺντι
1164 779 1465 831 καταφθιμένων,
1492 792 1546 819 sc.
1566 782 1707 833 χώραν·

253 852 342 889 quae
366 838 515 877 locutio
543 844 583 877 et
607 839 767 891 Ellipsis
797 839 982 890 frequens
1010 846 1082 878 est.
1103 842 1161 878 sic
1185 840 1287 887 ’δήεις
1312 841 1353 880 ἐν
1371 841 1457 884 Διὸς
1475 843 1497 887 ἢ
1516 842 1706 894 μακάρων·

250 902 421 938 invenies
440 913 523 938 eum
543 901 586 939 in
606 901 718 939 Jovis
738 900 796 939 vel
814 901 1009 939 beatorum
1035 901 1298 940 habitatione:
1329 916 1378 940 ex
1396 903 1608 953 Antholog.
1629 903 1708 955 ΙΙΙ,

251 968 290 1002 6.
310 976 349 1013 p.
368 967 460 1002 308.
480 963 575 1002 edit.
596 963 765 1001 Brodaei.
793 965 900 1016 ζόφος
929 977 1000 1015 pro
1022 962 1198 1014 Infernis
1228 963 1408 1012 tenebris,
1434 964 1540 1015 apud
1569 965 1708 1004 Lucia-

250 1037 341 1062 num
362 1023 400 1062 in
421 1024 524 1064 Dial.
539 1025 661 1063 Mort.
681 1031 721 1063 et
740 1025 835 1063 alios
857 1039 959 1076 saepe
981 1026 1165 1064 occurrit.
1223 1025 1270 1065 In
1288 1039 1402 1065 versu
1423 1027 1595 1065 secundo
1614 1040 1708 1079 sup-

248 1088 352 1138 plevi
371 1089 526 1127 πινυτὸν
546 1102 593 1127 ex
621 1101 725 1127 mera
745 1088 986 1139 conjectura.
1007 1089 1104 1126 alius
1124 1088 1224 1126 forte
1255 1088 1379 1135 aliter,
1412 1094 1452 1127 et
1480 1089 1638 1130 melius:
1665 1090 1705 1128 in

248 1150 389 1189 ceteris
429 1150 525 1189 nihil
556 1149 812 1189 difficultatis„
869 1151 1107 1201 Conjectura
1139 1163 1228 1189 vero
1264 1151 1351 1198 ista,
1393 1153 1477 1190 νέου
1495 1151 1578 1202 ‘pro
1605 1150 1706 1201 βίου,

248 1214 372 1264 probe
394 1214 487 1259 seio,
507 1226 623 1264 quam
643 1212 798 1251 infirmo
816 1213 894 1250 talo
914 1218 1014 1251 stet:
1045 1212 1114 1252 sed
1135 1214 1172 1250 in
1195 1211 1419 1262 hujusmodi
1445 1213 1541 1251 locis
1561 1213 1705 1253 obscu-

248 1277 300 1313 ris
322 1282 361 1313 et
381 1276 596 1327 desperatis
613 1275 739 1324 major
755 1275 869 1313 datur
889 1275 1068 1320 licentia3
1096 1280 1148 1319 et,
1168 1274 1199 1312 si
1217 1274 1376 1320 fallaris,
1394 1275 1505 1314 venia
1520 1276 1703 1326 paratior.

248 1338 478 1388 Suspicatus
501 1351 582 1375 sum
603 1337 813 1387 aliquando
833 1337 920 1382 ista,
942 1339 1039 1374 ἄλλο
1061 1343 1203 1389 σχῆμα,
1224 1341 1265 1374 et
1283 1337 1406 1388 ἕτερον
1422 1343 1543 1388 σῶμα,
1560 1351 1636 1376 non
1653 1338 1703 1377 a‘d

249 1400 378 1451 Lysiae
396 1405 560 1438 statuam
582 1399 750 1449 aliquam
773 1398 922 1444 referri,
941 1398 1006 1436 sed
1028 1412 1074 1435 ex
1091 1397 1428 1449 Metempsychosi
1447 1398 1705 1449 Pythagorica

247 1462 433 1512 explicari
454 1461 626 1499 debere:
658 1462 712 1498 ita
732 1467 774 1498 ut
793 1462 926 1503 ἄλλοις
947 1460 986 1498 ἐν
1009 1462 1191 1511 κόσμοισι,
1213 1465 1328 1504 esset,
1347 1459 1437 1497 aliis
1463 1460 1506 1496 in
1532 1459 1701 1500 mundis.

246 1524 325 1562 Sed
343 1529 381 1562 et
402 1523 471 1570 sic,
492 1523 541 1561 de
562 1535 656 1560 voce
675 1522 762 1570 βίου
781 1522 910 1560 adhuc
932 1521 1201 1572 quaerendum.
1231 1534 1279 1558 an
1298 1520 1409 1569 βιοῦν
1428 1521 1703 1561 scribendum?

245 1590 291 1623 ut
310 1586 413 1623 vivat
434 1584 525 1622 aliis
543 1585 585 1622 in
606 1583 802 1622 mundis.”

299 1651 324 1668 “
340 1646 541 1684 Nonnulla
559 1646 632 1684 alia
648 1646 789 1684 leviora
809 1645 961 1692 omitto,
979 1644 1194 1696 praesertim
1210 1645 1248 1682 in
1270 1644 1479 1695 Spiritibus
1493 1651 1533 1684 et
1548 1648 1701 1686 Accen-

245 1707 364 1745 tibus.
422 1707 500 1745 Sed
528 1707 628 1745 inter
647 1706 869 1757 gravissima
889 1706 1095 1753 numerari,
1114 1712 1152 1744 et
1174 1711 1362 1744 mutatum
1381 1706 1532 1753 vellem,
1554 1708 1586 1746 si
1606 1709 1701 1759 quid

249 1769 518 1807 inclementius
537 1769 684 1808 dictum
702 1768 906 1808 videatur
898 1782 937 1807 m
957 1768 1017 1808 Cl.
1036 1768 1158 1807 Andr.
1175 1768 1399 1815 Schottum‚
1417 1768 1553 1843 Virum
1573 1770 1622 1809 de
1640 1771 1699 1810 Re

248 1831 434 1871 Literaria
456 1831 602 1882 optime
622 1830 841 1869 merituml'
