1819 3219
691 197 776 239 AD
810 197 1051 239 LYSIAM.

143 305 199 334 hac
215 301 352 334 oratione
368 304 381 334 ἦ
398 304 542 342 πολιτεία,
559 305 613 336 etii
631 305 717 346 ἇςχῆ,
736 315 790 344 pro
808 305 851 334 fa-

141 347 242 377 ctione
272 357 371 377 rerum
410 353 482 379 tuno
520 349 666 387 temporis
700 348 850 386 potiente.

141 390 203 419 Sed
220 390 283 419 fere
304 390 416 427 malim,
433 403 469 423 π.
488 391 518 423 δὲ
542 393 591 422 τήν
611 389 757 421 πολιτείαν
776 390 850 429 γενέ-

139 432 215 462 σθαι
239 434 288 463 τὴν
311 434 399 474 ἀρχὴν
422 444 440 463 ἰ
465 443 483 460 σε
508 443 526 461 νε
559 434 675 464 δεῖσθαι
699 445 749 474 χρ.
774 444 802 463 se
819 444 849 463 eo

140 476 199 514 ipso
227 477 345 506 consilio
366 476 421 516 (de
445 477 493 506 τὴν
514 477 602 518 ἀρχὴν
631 477 850 507 adverbialiter

139 522 251 554 sumto,
269 519 338 548 vide
355 529 402 548 me
419 519 456 548 ad
477 519 601 549 Plutum
629 518 720 559 918.)
744 521 848 549 consti-

140 566 226 597 tutos,
243 566 278 590 ut
292 562 390 591 aliena
405 568 552 600 raperent.
598 563 721 592 Lacuna
746 563 847 592 forsan

139 603 302 643 implenda,
319 604 365 634 διὰ
380 604 424 640 τὸ,
441 605 521 644 quod
538 606 757 644 compendiose
770 606 846 634 scri-

137 651 234 685 ptum,
251 648 396 677 excidere
412 647 513 688 potuit
529 653 598 678 ante
612 648 741 678 δεῖσθαι.
766 648 848 678 Infra

138 700 170 729 p.
187 692 241 720 99.
265 691 303 720 ad
321 693 394 726 125,
420 694 471 721 21.
496 690 590 727 πόλις,
616 690 763 728 πολιτεία,
787 692 846 727 hic,

138 742 171 771 p.
189 735 325 764 99.100.
345 736 418 764 184.
439 736 509 765 185.
527 737 598 765 187.

182 775 256 816 [95]
289 778 362 806 120.
392 777 441 806 fin.
479 777 599 813 Quaerit
637 777 848 813 Marklandus,

135 822 143 835 ¹
160 818 324 855 Quomodo
351 819 543 850 concilianda
580 830 647 850 oum
687 821 846 850 Demosth.

136 861 209 902 (pp.
222 864 296 893 609.
314 864 386 892 651.
404 863 453 892 ed.
473 862 528 900 R.)
544 864 676 899 dicente,
697 864 846 893 neminem

133 904 216 934 domi
234 906 485 945 comprehensum
497 906 519 936 ?'
567 907 646 936 Vide
662 907 747 936 ande
767 904 847 937 στολί-

133 958 200 981 τοιις
229 948 282 977 ille
310 949 462 987 loquatur,
495 950 600 989 Lysias
628 950 666 979 de
693 948 847 988 μετοίκοις.

134 989 240 1031 Atque
260 991 304 1021 ita
329 992 510 1023 Mitsordius
530 1002 597 1032 cap.
623 995 674 1023 21.
693 993 718 1033 §.
737 996 766 1022 2.
785 998 845 1022 not.

178 1079 252 1112 121,
268 1080 320 1108 40.
341 1075 422 1117 ᾠόντο
441 1078 628 1109 κτήσαιο-θαι.

131 1119 252 1149 σεο-θαι.

176 1166 252 1199 122,
270 1166 320 1193 10.
336 1163 459 1204 ἀτίμους
476 1164 541 1204 [τῆς
556 1162 680 1205 πόλεως]
697 1162 844 1195 κατέστη-

132 1216 196 1235 σαν.
243 1209 288 1236 An
307 1207 390 1237 varia
413 1208 504 1238 lectio
530 1208 719 1246 superiorum
743 1207 794 1237 lin.
811 1210 841 1238 6.

130 1251 186 1279 τῶν
201 1248 376 1288 ’ωολεμίωνῒ

176 1294 314 1327 122,12.
336 1293 446 1324 ἥκουσιν
461 1292 715 1332 ἀπολογησόμενοι.
752 1293 841 1323 Clare

131 1334 179 1364 hio
192 1344 247 1373 per
261 1336 408 1374 pluralem
419 1337 598 1376 designatur
610 1335 840 1372 Eratosthenes,

130 1377 150 1407 i.
165 1388 192 1408 e.
209 1378 257 1407 hic
274 1383 304 1408 et
320 1381 385 1418 ejus
397 1379 484 1409 socii.
509 1379 569 1409 Sed
586 1379 670 1408 locus
682 1382 797 1417 p.124,
808 1382 839 1410 3.

131 1430 216 1460 seqq.
233 1421 396 1452 difficilior.
423 1423 521 1452 Etiam
547 1421 590 1451 ibi
619 1432 741 1451 sensum
771 1432 841 1452 esse

675 1078 758 1118 Lege
775 1077 845 1108 κτή-

132 1463 285 1502 suspicor,
315 1467 406 1495 miror
438 1464 668 1500 Eratosthenem,
699 1466 749 1505 qui
776 1465 841 1495 illos

129 1505 379 1547 (Theramenem,
402 1508 525 1548 opinor,
547 1507 663 1548 innuit)
686 1506 841 1548 defendere

130 1551 314 1581 sustinuerit.
360 1551 465 1588 Quod,
486 1552 512 1581 si
535 1551 577 1581 ita
600 1555 658 1586 est,
679 1560 738 1580 non
761 1562 839 1590 opus

129 1598 177 1622 est
202 1593 340 1624 lacunam
357 1595 471 1634 fingere
489 1605 556 1624 cum
571 1594 713 1633 Tayloro.
740 1595 837 1624 Male:

130 1645 165 1664 an
182 1636 241 1676 leg.
261 1638 360 1673 αὐτοῦ,
386 1638 438 1667 Ιὶη.
458 1637 511 1667 4.?
556 1638 657 1667 Locus
670 1647 700 1675 p.
720 1640 792 1671 124,
807 1639 839 1670 3.

131 1687 221 1708 sanus
247 1684 295 1709 est
318 1681 396 1719 apud
429 1680 618 1713 Bekkerum‚
646 1684 676 1708 et
700 1680 738 1709 de
764 1681 840 1710 Era-

128 1722 269 1751 tosthene
288 1722 528 1761 intelligendus-3
552 1722 643 1752 modo
659 1732 771 1751 novum
789 1733 839 1752 ca-

128 1769 185 1802 put
210 1774 248 1794 ne
273 1764 442 1801 inchoetur,
468 1770 499 1796 et
525 1765 620 1795 verba
645 1765 840 1799 πολλάκις-

131 1804 260 1843 ἐποιινεῖν,
276 1809 331 1837 ref.
357 1809 395 1837 ad
420 1808 598 1838 defensores
616 1808 838 1838 Eratosthenis-

130 1850 286 1880 Numeros
307 1851 444 1880 studiose
462 1851 630 1890 permiscet
661 1850 782 1890 Lysias,
805 1856 839 1881 ut

129 1891 246 1928 innuat,
267 1903 387 1923 causam
405 1894 494 1923 unius
511 1895 596 1924 Erat.
621 1903 688 1922 esse
715 1904 837 1923 causam

129 1936 263 1966 omnium
290 1947 369 1967 xxx.
393 1937 463 1967 vide
489 1947 521 1976 p.
541 1939 614 1971 123,
630 1938 683 1967 36.
717 1939 791 1971 125,
807 1939 836 1967 3.

128 1977 164 2007 In
183 1989 214 2018 p.
233 1982 306 2015 128,
324 1983 355 2010 2.
372 1980 410 2009 de
427 1990 478 2009 reo
495 1980 542 2019 agi
558 1983 643 2018 puto,
660 1984 749 2018 atque
767 1981 838 2009 ideo

132 2021 293 2058 legendum
310 2025 361 2056 τῆς
375 2023 461 2053 αὑτοῦ
476 2023 610 2063 πονηρίας.
659 2021 724 2062 [De
737 2022 837 2059 αὐτοῦ,

129 2064 242 2101 τούτου,
257 2066 330 2096 vide
342 2066 392 2095 hic
405 2076 436 2104 p.
450 2068 505 2097 81.
523 2066 612 2106 112.]

174 2110 248 2145 122,
274 2110 327 2139 23.
344 2110 465 2146 Malim,
488 2108 531 2140 ἵνα
546 2108 749 2147 ἀποθάνωμεν,
765 2106 780 2138 ἢ
795 2110 838 2147 μὴ

128 2150 222 2181 ἄντοῦ.
266 2152 335 2182 Nisi
353 2152 455 2192 potius
476 2163 543 2182 cum
559 2151 703 2182 Bekkero
725 2151 838 2181 consti-

129 2197 209 2222 tuas.

173 2238 248 2272 122,
262 2239 312 2267 32.
335 2236 445 2268 «πίστιν.
491 2238 589 2276 Supra
614 2248 645 2277 p.
660 2240 711 2269 50.
755 2238 840 2267 Nota

130 2276 156 2308 ἓν
172 2289 245 2309 mss.
261 2281 380 2310 Herod.
397 2281 423 2310 Ι.
441 2291 470 2320 p.
484 2282 536 2311 53.

175 2324 249 2357 122,
272 2325 325 2354 33.
356 2323 505 2361 Suspicor
532 2323 707 2361 legendum,
736 2321 840 2353 {vtem-ae

129 2363 172 2403 τῷ
186 2365 257 2399 εἰκὸς
273 2366 508 2407 προσταχθῆναι.
525 2367 594 2396 MS.
616 2367 696 2405 apud
714 2365 839 2395 Bekke-

699 2415 730 2440 οὖ
743 2416 840 2441 πιστὸν

131 2458 196 2477 rum
213 2449 256 2488 τῷ
275 2450 303 2480 οὗ
327 2450 433 2480 πιστὸν
458 2449 538 2485 εἶκὲς,
562 2460 672 2489 nempe
693 2450 736 2488 τῷ
759 2450 838 2486 εἰκὸς,

131 2491 269 2521 scholion
293 2494 358 2522 scil.
377 2493 404 2522 οὗ
427 2493 541 2522 πιστόν.
566 2492 627 2522 how
651 2495 674 2522 is
694 2494 718 2522 it
737 2492 837 2533 likely,

131 2533 196 2563 that
216 2536 240 2564 it
261 2536 358 2565 would
382 2536 452 2565 have
476 2537 542 2565 been
572 2536 706 2573 enjoined
730 2541 758 2565 to
788 2546 840 2565 one

128 2577 191 2606 who
203 2595 255 2608 —.
280 2579 361 2608 Vide
381 2578 551 2608 Reiskium.
575 2579 654 2608 Vide
680 2577 839 2617 Aristoph.

131 2620 261 2650 Acharu.
284 2623 360 2651 7053.
398 2623 522 2651 Tliesm.
540 2622 613 2652 846.
653 2622 763 2660 Neque
793 2627 840 2650 est

131 2673 223 2702 quare
240 2665 402 2703 objiciatur
416 2670 524 2703 quater
539 2664 671 2703 repetita
686 2674 744 2693 vox
758 2663 840 2704 εἰκὸς,

132 2707 153 2736 l.
169 2709 222 2738 30.
237 2709 289 2738 34.
304 2710 355 2740 36.
379 2706 493 2742 εἰκότως
508 2710 560 2737 40.
583 2718 675 2746 quum
701 2707 730 2736 in
755 2717 789 2736 ea
806 2718 839 2737 re

131 2749 335 2788 negligentior
359 2751 399 2781 sit
418 2751 538 2790 LysiaS,
556 2761 653 2790 neque
679 2751 707 2780 vi
736 2755 839 2780 careat

130 2792 187 2821 hoc
201 2793 279 2822 loeo.

177 2838 251 2871 122,
281 2837 333 2866 33.
361 2836 441 2865 Vide
460 2846 508 2871 an,
538 2835 619 2871 ὅστις
643 2845 675 2873 γε
702 2836 840 2866 ἀντειπών

133 2887 166 2906 τε
181 2895 235 2908 —.
254 2879 300 2908 De
327 2889 359 2916 γε
386 2879 456 2909 vide
483 2880 573 2909 Pors.
588 2879 681 2909 Praef.
706 2880 787 2909 Hec.
808 2889 837 2918 p.

133 2919 292 2951 XLVIII.
303 2923 352 2952 ed.
366 2923 453 2951 Cant.
471 2923 603 2958 Deinde,
619 2922 642 2952 si
655 2927 725 2961 post
740 2922 838 2962 ὑπηξε·

132 2964 219 2992 erma
235 2964 378 2994 deessent
399 2964 413 2995 ἢ
429 2961 475 2994 τδν
487 2965 665 3000 ἀντειπόντα,
687 2975 775 2994 nemo
793 2967 841 2994 rei

134 3005 280 3043 quiret-et.
325 3007 384 3038 Sed
408 3008 438 3038 in
460 3008 554 3048 Lysia
576 3018 634 3038 non
654 3007 745 3038 nimis
758 3008 839 3038 anxii

1566 202 1617 258 xi·

886 315 956 334 esse
973 304 1133 336 debemus.

931 347 1007 388 [96]
1038 350 1112 385 122,
1132 349 1184 379 38.
1212 347 1380 389 ἴσχυςοτέξα
1405 350 1514 384 ταύτης
1541 350 1602 390 leg.

884 400 953 420 cum
968 390 1111 428 Reiskio,
1130 391 1177 421 vel
1192 390 1296 430 potius
1314 393 1404 426 αὐτῆς
1425 393 1600 424 delendum.

884 433 964 463 Vide
976 444 1012 464 an
1029 438 1130 464 ortum
1145 433 1184 464 sit
1196 444 1235 464 ex
1249 434 1344 468 αὐτοῖς
1360 435 1443 464 varia
1456 436 1599 473 lectione,

883 486 981 515 neque
996 477 1049 506 illa
1061 477 1151 513 mala,
1165 487 1220 517 pro
1237 476 1318 516 αὐτῷ
1332 489 1402 508 mox
1420 489 1484 518 seq.
1498 480 1555 508 bis.

926 522 1000 554 122,
1015 522 1068 550 42.
1092 521 1193 549 Locus
1209 520 1448 550 turbatissimus.
1480 522 1596 553 Codice

883 562 1232 601 Bekkerianojuvante,
1252 563 1393 601 proxime
1415 564 1451 592 ad
1471 564 1595 594 Reiskii

882 610 1026 640 mentem,
1041 610 1141 636 tento:
1165 606 1212 635 καὶ
1236 604 1290 644 μὲν
1312 606 1341 638 δὴ
1359 606 1479 645 -ὁδοῖ,
1501 606 1596 646 σώζων

881 647 964 677 αὑτὸν
980 648 1060 679 δῆθεν
1074 649 1194 689 (potius
1211 648 1307 688 σώζων
1320 659 1351 687 γε
1369 648 1480 689 αὑτὸν),
1490 650 1537 679 καὶ
1553 652 1594 679 τὰ

881 690 990 723 τούτοις
1022 690 1208 732 ἐψηφισμένα
1239 691 1333 728 ποιῶν,
1364 697 1453 722 συλλ.
1481 694 1510 722 οἱ.
1545 693 1593 722 vel

879 735 959 774 (sine
973 733 1072 775 δῆθεν)
1087 736 1122 769 ὡς
1134 736 1216 775 φησί,
1229 737 1322 765 ποιῶν.
1368 736 1501 765 Ainovet
1526 745 1593 765 ora—

882 783 929 807 tor
945 778 1176 808 excusationem
1192 778 1416 808 Eratosthenis.

927 823 1000 856 122,
1017 822 1064 850 fin.
1079 821 1101 850 εἶ
1116 823 1170 862 χρὴ
1188 820 1305 855 τούτοις.
1335 820 1419 860 Lege
1437 821 1497 854 τοῖς
1519 830 1588 849 cum

886 864 1010 893 Reiskio
1051 864 1191 903 quamvis
1228 868 1401 902 argutante.
1462 864 1593 902 Vulgata

882 906 960 935 enim
979 907 1036 936 hoc
1048 906 1142 937 dicit:
1166 907 1226 937 iltis
1242 907 1454 942 irascebamini,
1466 908 1515 946 qui
1531 910 1593 936 etc·

881 954 924 984 at,
942 950 965 978 si
994 949 1176 980 Eratostheni
1199 955 1226 980 et
1242 950 1306 988 ejus
1327 949 1408 980 sociis
1423 958 1505 979 nunc
1519 958 1592 987 par-

880 993 959 1027 cetis,
985 992 1079 1022 multo
1094 995 1188 1033 magis
1202 994 1249 1027 iis,
1273 1003 1341 1032 quos
1360 992 1422 1021 dixi
1443 993 1592 1032 ignoscen-

880 1034 1079 1075 dumfuisset.
1115 1036 1177 1065 Sed
1199 1036 1309 1065 melius
1325 1036 1396 1069 τοῖς.
1412 1036 1436 1065 si
1451 1036 1592 1075 cuiquam

879 1078 1100 1117 ignoscendum,
1123 1080 1173 1118 qui
1197 1082 1255 1108 etc.
1281 1078 1383 1118 potius
1408 1078 1472 1108 illis
1502 1087 1592 1117 quam

880 1121 1077 1152 Eratostheni
1115 1121 1332 1160 ignoscendum
1369 1125 1425 1150 est.
1482 1120 1590 1150 Malim

878 1162 971 1203 ὢξγίζ.
999 1175 1067 1194 cum
1095 1165 1295 1194 Marklando.
1346 1164 1415 1193 Imo
1446 1163 1592 1194 servand-

877 1204 959 1247 ὀργίζ.
978 1207 1036 1237 nisi
1058 1208 1182 1246 insuper
1197 1207 1282 1246 legas
1299 1206 1395 1248 εἴχετε
1408 1216 1464 1246 pro
1484 1206 1592 1248 ἔχοιτε.

877 1250 956 1279 Vide
973 1262 1002 1290 p.
1020 1254 1092 1285 184,
1108 1253 1160 1281 20.

920 1295 990 1328 123,
1010 1296 1039 1323 2.
1056 1293 1104 1322 καὶ
1120 1292 1346 1325 καταλαβοῦσιν.
1364 1291 1472 1321 Malim
1491 1291 1589 1322 ἢκατ.

922 1338 995 1372 123,
1019 1340 1048 1366 4.
1072 1335 1246 1375 Βουλομὲνων
1272 1346 1329 1365 non
1355 1336 1485 1369 damn03
1517 1335 1589 1364 vide

876 1376 988 1409 Reisk.
1006 1380 1060 1409 sed
1076 1380 1147 1409 vide
1163 1390 1200 1409 an
1225 1378 1390 1417 βουλόμενον
1411 1376 1521 1417 σώζειν,
1540 1377 1587 1406 vel

875 1423 980 1456 σῶσαι,
1007 1432 1136 1462 quorum
1166 1427 1265 1452 utrum
1300 1421 1346 1452 vis
1377 1421 1457 1450 elabi
1487 1420 1589 1459 potuit

874 1469 944 1493 ante
958 1462 1018 1496 οἷον.

919 1510 993 1543 123,
1019 1510 1050 1539 6.
1092 1509 1187 1538 Recte
1226 1506 1440 1542 Marklandus,
1467 1505 1526 1538 τοῖς
1548 1517 1587 1544 μ.

873 1548 984 1584 δικαίως
997 1551 1124 1580 amem.
1171 1551 1282 1580 Facete
1308 1549 1456 1579 Reiskius
1484 1549 1588 1587 Lysiae

873 1593 1022 1623 antitheta
1034 1594 1153 1633 objicit,
1165 1603 1234 1622 eum
1252 1592 1425 1622 Marklandi
1441 1591 1532 1621 lectio
1547 1591 1588 1621 sit

874 1636 965 1666 etiam
1005 1638 1101 1673 magis
1139 1636 1327 1665 antithetica.
1395 1634 1588 1670 Antitheton,

874 1678 1216 1715 δικαίως-ἀδικοῦνται,
1239 1679 1288 1708 hic
1311 1680 1429 1716 p.167.
1452 1677 1489 1707 ad
1513 1679 1588 1713 179,

875 1723 926 1751 10.

917 1765 992 1799 123,
1014 1767 1064 1794 11.
1103 1765 1186 1802 Lege
1218 1764 1316 1794 πάντα
1343 1763 1418 1792 κακοὶ
1446 1767 1476 1792 et
1497 1760 1587 1791 vrum-²

872 1806 979 1843 ἀγαθὰ
1001 1807 1066 1836 sine
1088 1806 1237 1836 articulis.
1283 1808 1330 1836 Ita
1355 1807 1420 1835 sine
1440 1805 1529 1835 artic.
1553 1815 1585 1844 p.

874 1850 1003 1884 12533.
1017 1850 1077 1879 bis.
1097 1849 1240 1879 Solennis
1251 1858 1356 1885 error;
1371 1848 1442 1878 vide
1455 1848 1587 1877 Porsoni

871 1891 1122 1931 Aristophanica,
1139 1893 1175 1922 ad
1195 1893 1278 1923 Plut.
1292 1894 1388 1922 1122.
1416 1891 1495 1920 Rau.
1512 1893 1587 1921 304.

872 1934 956 1964 Infra
972 1947 1004 1974 p.
1018 1938 1093 1972 1⁶24,
1107 1938 1140 1966 5.

915 1978 992 2019 [97]
1019 1981 1093 2014 123,
1112 1980 1164 2010 13.
1188 1975 1219 2006 τί
1241 1976 1273 2007 ἄν
1297 1975 1365 2007 ποτ’
1381 1974 1516 2009 ἐποίησας
1540 1975 1585 2006 le-

873 2021 1018 2060 gendum.
1064 2021 1186 2051 Deinde
1215 2020 1304 2050 valde
1333 2020 1474 2059 suspicor
1504 2019 1586 2048 lacu·

873 2074 939 2093 nam
962 2075 1050 2095 esse:
1075 2063 1136 2105 φέρε
1153 2064 1181 2095 δὴ
1205 2062 1236 2092 τί
1253 2061 1287 2092 εἶν
1305 2062 1326 2093 εἰ
1352 2073 1370 2091 re
1395 2071 1413 2089 κ
1438 2071 1457 2090 ⁴⁶
1480 2062 1529 2091 καὶ
1544 2079 1587 2084 -—-

873 2107 911 2136 let
927 2116 971 2136 me
982 2113 1038 2146 put
1056 2119 1074 2138 a
1090 2117 1164 2137 case.
1213 2104 1305 2136 What
1325 2104 1424 2135 would
1440 2114 1497 2144 you.
1513 2105 1585 2134 have

873 2150 957 2185 done,
974 2149 1006 2191 tf
1024 2161 1042 2179 se
1067 2162 1086 2181 ιιι
1109 2151 1169 2180 and
1183 2158 1242 2188 you
1256 2158 1330 2178 were
1347 2147 1390 2177 his
1404 2147 1520 2177 brother
1530 2165 1584 2177 —.

918 2195 993 2230 125,
1011 2194 1062 2223 23.
1093 2194 1222 2222 Sensum
1244 2191 1322 2221 vidit
1346 2189 1507 2225 Reiskius,
1527 2191 1584 2220 sed

872 2236 984 2265 nimius
1007 2241 1066 2271 est,
1094 2240 1125 2265 ut
1154 2235 1244 2264 solet.
1290 2235 1359 2264 Non
1388 2233 1462 2262 mihi
1486 2233 1585 2272 liquet

872 2279 911 2307 de
934 2278 1013 2317 ipsis
1039 2279 1141 2317 Lysiae
1163 2277 1284 2314 verbis;
1309 2277 1361 2306 sed
1387 2277 1449 2306 fere
1470 2276 1584 2311 malim,

873 2321 951 2352 δῆλον
966 2319 1013 2361 (T‘w
1029 2322 1100 2351 vide
1117 2332 1153 2350 an
1170 2320 1250 2359 del.)
1270 2319 1324 2355 ὅτι,
1338 2319 1360 2348 εἰ
1376 2320 1419 2359 μῆ
1435 2317 1527 2348 ἐκεῖνοι
1542 2318 1582 2348 δι-

872 2363 957 2398 καίως
979 2364 1103 2404 ἔφευγον,
1122 2364 1205 2404 ὑμεῖς
1228 2361 1342 2397 ἀδίκως·
1365 2362 1393 2391 οὗ
1415 2363 1470 2402 γᾶς
1493 2360 1583 2391 δι’-.

874 2408 956 2437 Satis
973 2408 1068 2446 liquet
1084 2409 1105 2437 οῖ
1122 2407 1272 2446 τριάκοντα
1290 2416 1346 2435 non
1360 2405 1432 2444 poni
1449 2404 1583 2443 possein

872 2451 977 2481 eadem
995 2450 1121 2490 periodo
1137 2455 1206 2490 post
1219 2448 1325 2479 ἐκεῖνοι.
1367 2449 1430 2477 Sed
1447 2447 1530 2482 vide,
1547 2457 1583 2476 an

873 2504 929 2533 pro
947 2504 1003 2533 pro
1019 2494 1040 2523 οἱ
1058 2492 1085 2524 λ’
1099 2493 1221 2530 legend.
1238 2493 1260 2521 οἶ
1273 2491 1314 2531 δὲ,
1329 2491 1381 2530 qui
1398 2490 1582 2520 Atticismus

873 2548 889 2566 e
917 2547 991 2566 mss.
1023 2542 1053 2566 et
1084 2536 1157 2565 alibi
1185 2535 1348 2565 restitutus
1375 2545 1392 2563 a
1423 2533 1583 2567 Bekkem,

873 2590 905 2618 p.
922 2582 1059 2614 140,12.
1070 2582 1142 2614 141,
1157 2582 1209 2611 29.
1224 2580 1298 2613 142,
1309 2575 1436 2616 23.(Ιιίο
1449 2587 1480 2615 p.
1491 2575 1583 2615 153.)

875 2622 954 2652 Vide
972 2623 1001 2651 in
1016 2623 1114 2651 fronte
1132 2621 1274 2651 Matthiae
1288 2622 1342 2649 Gr.
1367 2621 1403 2649 C.
1416 2618 1534 2656 Diogit.
1551 2628 1583 2656 p.

873 2668 946 2700 906,
974 2668 1025 2696 13.
1046 2665 1084 2694 R.
1107 2663 1204 2695 ἐκείνου
1227 2663 1282 2704 μὲν
1298 2662 1399 2701 -τῷ
1421 2660 1459 2690 δέ.
1484 2661 1581 2691 Isocr.

873 2708 1014 2737 Antidos.
1029 2707 1055 2746 ᾗ.
1071 2710 1124 2738 77,
1141 2707 1196 2742 ὅτι,
1210 2706 1263 2736 δέον
1278 2711 1338 2736 etc.
1356 2706 1377 2735 oi
1392 2703 1419 2734 δὲ
1433 2721 1485 2733 ——.

920 2753 993 2786 125,
1004 2751 1056 2782 25.
1069 2751 1231 2790 Eleganter
1240 2749 1390 2779 canterus
1402 2744 1584 2786 τειρομένους,

873 2794 926 2823 sed
953 2794 1043 2823 nimis
1067 2804 1160 2832 grave
1187 2793 1331 2823 verbum:
1361 2790 1472 2820 deinde
1499 2789 1583 2827 perit

873 2837 1040 2876 oppositio,
1058 2847 1125 2876 quae
1147 2836 1262 2875 optima
1284 2840 1331 2863 est
1351 2834 1430 2862 inter
1453 2832 1582 2870 ἀφήσετε

873 2886 904 2909 et
932 2879 1164 2920 τιμωρουμένους.
1217 2879 1314 2907 Recte
1338 2875 1448 2914 opinor
1473 2874 1584 2904 Mark-

874 2923 991 2956 landus,
1001 2921 1233 2962 τιμωρουμένους.
1252 2921 1477 2958 Exspectasses
1487 2928 1583 2956 τιμω-

872 2966 978 3005 ςοῧντες
994 2966 1110 3005 potius,
1126 2969 1155 2994 ut
1169 2975 1195 2992 o.
1211 2964 1338 3002 Agorat.
1353 2961 1420 2991 init.
1464 2961 1525 2990 Sed
1543 2961 1583 2989 ob

874 3019 939 3039 eam
956 3009 1053 3048 ipsam
1071 3017 1193 3038 causam
1213 3006 1313 3036 medin
1331 3015 1407 3035 voce
1425 3014 1499 3034 usus
1516 3013 1584 3033 esse
