1819 3219
631 194 819 237 LYSIAE
850 193 1004 234 VITA.
1485 191 1539 231 55

106 306 173 348 τοὶς
191 306 312 354 α’ρχοὶς
331 305 389 341 καὶ
407 305 474 346 τὰς
493 302 640 355 ἐφόδους
659 309 729 340 τῶν
749 302 810 340 τὸν
839 301 953 351 δῆμον
984 297 1239 349 προδιδόντων.
1295 296 1422 334 Verba
1455 301 1544 333 suut

106 364 279 414 ejusdem
297 364 540 415 Scriptorisst*

159 426 263 464 Hinc
283 438 400 476 porro
421 426 483 463 lux
512 425 732 463 affundetur
752 422 1005 462 Demostheni
1031 421 1118 458 adv.
1138 418 1321 457 Eubulid.
1343 418 1435 461 Τοῖς
1453 420 1544 470 χρό-

106 502 183 529 νοις
204 490 329 525 τοίνυν
348 487 439 525 οὕτω
459 491 626 538 φαίνεται
646 488 824 534 γεγονὼς,
846 488 949 531 ὥστε,
970 486 997 521 εἰ
1017 485 1075 520 καὶ
1095 484 1186 519 κατ-(ἱ
1206 480 1342 531 θάτερα
1357 480 1472 522 (ἱστὸς
1487 479 1546 524 ἧν,

105 546 200 586 εἶναι
215 551 371 595 πολίτην
391 553 583 599 προσήκειν
604 550 726 585 αὐτόν.
744 549 873 596 γέγονε
895 550 969 597 γάρ
986 545 1055 595 πρὸ
1075 542 1282 581 Εὐκλείδου.
1330 542 1432 579 Hinc
1449 555 1549 591 quo-

107 621 184 658 que
206 610 304 647 Isaeo
329 610 378 648 de
405 609 554 648 Cironis
585 608 798 646 hereditate
831 607 901 646 fin.
955 607 1046 644 Ἑοίν
1074 607 1147 655 γὰρ
1172 604 1413 650 ἐξαπατηθῆτε
1432 604 1549 654 ὑμεῖς,

107 672 326 717 πεισθέντες,
346 674 393 714 ὡς
417 673 438 716 ἡ
456 672 574 721 μήτηρ
606 673 709 721 ἡμῶν
740 671 801 706 οὒκ
826 668 871 714 ἦν
899 671 1059 712 πολῖτις,
1089 665 1159 703 οὐδ’
1189 668 1292 717 ἡμεῖς
1320 664 1442 715 ἐσμέν·
1475 667 1550 714 μετ’

108 732 284 779 Εὐκλείδῃ
320 735 395 783 γάρ
429 733 598 784 ἄρχοντα
629 733 853 782 γεγόναμεν.
904 729 1003 768 Nam
1035 741 1081 767 eo
1114 728 1284 765 Praetore
1318 727 1441 776 legem
1462 725 1551 764 tulit

108 792 331 843 Aristopho,

162 870 342 909 Civem
371 884 462 908 non
491 869 699 909 censeri
732 869 837 907 nisi
876 868 956 917 qui
996 873 1159 905 matre
1186 865 1362 903 libera
1396 870 1551 902 natus

108 930 285 969 fuerit

108 1006 333 1060 Ἀριστοφῶν
353 1010 372 1046 ὁ
386 1009 501 1061 ῥήτωρ
521 1011 540 1046 ὁ
555 1010 618 1047 τὸν
634 1011 749 1060 νόμον
766 1010 979 1055 εἰσενεγκὼν
999 1007 1051 1043 ἐπ’
1071 1004 1267 1042 Εὐκλείδου
1286 1003 1518 1055 ”Αρχοντος,“

417 1084 491 1129 ⁰09
511 1087 558 1124 ἂν
576 1088 625 1136 μὴ
640 1085 677 1131 ἐξ
694 1087 807 1129 α’στῆς
824 1086 974 1131 γένηται
994 1081 1107 1120 νόθον
1126 1080 1233 1127 εἶναι,

112 1162 221 1205 αὑτὸς
240 1161 436 1214 ἀπεδείχθη
454 1161 524 1199 ὑπὸ
544 1159 766 1198 Καλλιάδου
784 1164 845 1197 τοῦ
867 1163 1037 1208 Κωμικοῦ
1060 1159 1098 1195 ἐκ
1111 1157 1275 1208 Χωρίδος
1294 1157 1337 1207 (f.
1350 1157 1558 1207 Χλωρίδος)

114 1231 178 1270 τῆς
195 1224 347 1273 ἑταίρας
366 1220 737 1271 παιδοποιησάμενος,
756 1224 804 1263 ὡς
832 1221 965 1269 ἱστορεῖ
983 1220 1194 1270 Καρύστιος
1214 1219 1254 1256 ἐν
1268 1222 1372 1270 τρίτῳ
1391 1221 1555 1270 ὑπομνη-

112 1285 252 1336 μάτων.
281 1284 424 1321 Athen.
444 1284 469 1321 l.
488 1289 552 1322 13.
572 1296 610 1334 p.
635 1296 684 1320 m.
704 1285 795 1320 285.
852 1281 955 1331 Ergo
988 1281 1025 1317 in
1058 1286 1173 1319 aetate
1206 1286 1294 1317 ante
1327 1280 1556 1331 Thrasybuli

112 1345 293 1392 reditum,
316 1345 439 1382 visum
464 1351 522 1382 est
541 1358 587 1382 ex
607 1345 791 1382 alterutro
820 1349 979 1394 parente
1010 1342 1173 1392 ingenuo
1204 1342 1407 1392 ingenuum
1438 1343 1556 1388 nasci,

112 1405 252 1444 deinde
273 1419 349 1444 non
368 1407 433 1445 ita.
488 1406 587 1444 Vide
606 1407 720 1456 plura
739 1405 842 1456 apud
860 1404 1063 1442 Demostfi.
1085 1417 1119 1442 c.
1140 1404 1407 1449 Timocratem,
1428 1409 1467 1441 et
1487 1404 1557 1441 Ul-

112 1468 219 1519 piau.
241 1468 290 1505 ad
319 1468 393 1506 loc.
415 1468 567 1506 Andoc.
596 1467 644 1505 de
670 1467 866 1518 Mysteriis
897 1473 1139 1516 ceterosque.
1197 1465 1388 1503 Meursius
1418 1465 1466 1503 de
1487 1467 1557 1503 Ar-

114 1530 320 1568 chontibus
338 1529 482 1568 Atticis
512 1530 608 1567 male
638 1529 756 1567 refert
776 1526 1067 1578 Aristophontis
1095 1526 1371 1577 legislationem
1392 1526 1440 1564 ad
1460 1540 1557 1577 prae-

116 1598 236 1630 turam
270 1591 405 1642 prioris
435 1591 622 1629 Euclidis.
680 1591 730 1628 Et
759 1589 942 1628 credibile
964 1594 1021 1627 est
1042 1594 1132 1627 tuuc
1155 1587 1337 1638 temporis
1357 1602 1380 1626 a
1399 1588 1558 1638 quibus-

117 1652 206 1690 dam
222 1651 338 1689 fuisse
357 1656 500 1696 actum,
520 1656 563 1688 ut
582 1650 751 1689 sauciam
772 1652 907 1700 Remp.
925 1663 1002 1687 non
1023 1649 1136 1687 modo
1158 1650 1264 1687 novis
1284 1649 1432 1699 legibus
1452 1663 1561 1687 sana-

116 1718 217 1758 rent,
250 1726 379 1750 verum
413 1724 551 1750 novam
588 1712 702 1750 etiam
734 1711 871 1749 faciem
902 1711 1141 1749 inducerent.
1198 1709 1432 1747 Phormisius
1459 1710 1560 1747 euim

118 1773 358 1826 rogationem
377 1774 477 1819 tulit,
498 1775 578 1824 περὶ
597 1779 658 1812 τοῦ
678 1777 885 1811 καταλῦσαι
910 1775 976 1819 τὴν
996 1772 1148 1823 πάτριον
1164 1773 1366 1816 πολιτείαν,
1393 1772 1455 1809 cui
1476 1784 1560 1808 ora-

119 1836 224 1874 tione
246 1835 390 1886 scripta
409 1834 552 1872 restitit
568 1836 720 1873 Auctor
739 1839 881 1881 noster,
903 1839 944 1871 ut
962 1833 1088 1883 liquet
1106 1846 1153 1871 ex
1173 1832 1363 1882 Dionysio
1377 1831 1503 1870 Halic.
1525 1833 1562 1869 in

119 1897 222 1944 Vita,
242 1902 358 1948 atque
377 1910 425 1934 ex
443 1896 552 1934 istius
573 1897 757 1935 orationis
774 1895 958 1946 reliquiis.

174 1958 220 1995 In
238 1957 398 2009 publica
427 1957 586 1995 istorum
615 1963 834 2008 temporum
855 1956 1041 1994 memoria
1061 1956 1150 1994 ideo
1170 1956 1313 1994 diutius
1333 1955 1442 2001 haesi,
1465 1969 1563 2005 quo-

122 2021 223 2059 niam
251 2033 313 2058 res
341 2019 617 2070 complectitur
645 2019 748 2057 exitu
776 2031 923 2068 graveS,
944 2024 1108 2068 utraque
1128 2018 1281 2055 fortuna
1301 2017 1505 2062 notabiles,
1526 2021 1566 2054 et

120 2082 317 2127 varietate,
340 2081 557 2132 praesertim
577 2080 615 2118 in
630 2087 706 2118 tam
728 2080 835 2118 brevi
856 2078 1037 2130 temporis
1052 2078 1258 2124 curriculo,
1280 2092 1379 2129 pene
1400 2078 1566 2116 incredi-

122 2143 233 2182 biles.
268 2142 418 2180 Adhaec
434 2142 550 2180 malui
566 2155 626 2188 ea,
644 2155 732 2192 quae
753 2142 953 2179 historiam
973 2140 1080 2178 istius
1101 2140 1225 2178 aetatis
1245 2140 1435 2177 illustrare
1451 2152 1566 2190 posse

125 2204 313 2251 videntur,
346 2204 409 2242 hic
429 2204 626 2250 concludi⁷
648 2217 764 2254 quam
795 2208 1138 2241 commentatorem
1169 2215 1297 2251 agere,
1317 2207 1357 2239 et
1387 2201 1567 2251 paginam

125 2273 328 2316 utramque
349 2266 474 2317 Lysiae
496 2266 803 2304 Annotationum
824 2265 923 2303 mole
943 2265 1121 2303 obruere.
1178 2264 1278 2308 Quae
1299 2263 1492 2313 supersint
1517 2264 1568 2301 ad

124 2329 346 2380 scriptorem
366 2333 537 2365 nostrum
558 2327 772 2377 spectantia
792 2326 860 2365 ubi
878 2325 1124 2376 expediver0‚
1148 2323 1262 2362 finem
1283 2324 1435 2363 faciam.

178 2389 290 2428 Obiit
322 2388 487 2427 Athenis
517 2389 676 2439 Olymp.
697 2389 742 2434 C,
762 2392 800 2426 2.
820 2389 896 2437 (vel
917 2389 987 2436 3.),
1011 2399 1130 2424 anuos
1158 2391 1269 2424 natus
1298 2386 1463 2424 LXXX.
1495 2387 1571 2435 (vel

126 2450 334 2498 LXXXI.)
354 2449 508 2488 biennio
528 2455 619 2500 post
640 2449 943 2487 Demosthenem
964 2447 1136 2485 natu1n.†
1193 2446 1308 2484 Unde
1328 2446 1461 2493 miror,
1483 2460 1571 2485 cum

125 2512 211 2550 haec
230 2511 327 2549 adeo
347 2510 495 2560 liquido
514 2524 537 2548 a
555 2510 829 2548 vetustioribus
850 2508 1063 2554 tradantur,
1089 2508 1281 2558 egregiam
1307 2507 1418 2545 istam
1437 2508 1572 2546 incon-

127 2572 308 2611 stantiam
327 2571 365 2609 in
387 2572 606 2610 Plutarcho.
661 2572 918 2617 Ἐτελεύτησεν
939 2568 1226 2618 ὀγδοήκοντα
1251 2572 1352 2620 τρία
1371 2568 1431 2616 ’έτη
1450 2568 1570 2617 βιούς·

125 2634 162 2680 ἢ,
179 2636 227 2675 ὥς
247 2648 356 2679 τινες,
375 2633 418 2680 ἓξ
437 2634 509 2670 καὶ
527 2631 759 2683 ἑβδομήκο
772 2647 865 2677 ντα,
883 2631 921 2677 ἢ,
940 2632 988 2673 ὥς
1002 2644 1111 2676 τινες,
1126 2628 1215 2680 ὑπὲρ
1233 2628 1468 2678 ὁγδοήκοντα·
1488 2629 1573 2668 ἰδὼν

126 2693 376 2745 Δημοσθένην
397 2694 582 2745 μειράκιον
603 2693 706 2731 ὄντα.
1486 2739 1491 2744 ἢ

185 2754 396 2793 Orationes
413 2755 566 2792 videtur
585 2766 760 2792 exarasse
775 2753 814 2790 in
833 2757 1004 2790 extrema
1026 2757 1238 2789 senectute.
1279 2750 1453 2794 Quarum
1473 2749 1573 2786 enim

130 2821 285 2853 aetatem
317 2828 448 2853 eruere
477 2827 696 2866 possumus,
727 2828 781 2852 eae
812 2825 942 2851 onmes
972 2817 1061 2862 post
1088 2810 1373 2849 XXXviratum
1394 2809 1575 2849 conficie-

150 2916 300 2988 t*··Plnra
322 2916 394 2947 vide
417 2917 498 2955 apud
524 2916 676 2947 Andocid.
699 2916 740 2946 de
763 2915 836 2954 My·
881 2918 893 2947 †
912 2913 1042 2953 Dionys.
1052 2913 1163 2946 Halic.
1181 2913 1210 2943 in
1227 2913 1300 2942 vita.

133 2969 146 2987 s
163 2968 246 2988 erus.
