1819 3219
345 190 527 238 ΤΟΙΣ
568 190 1016 234 ΚΟΡΙΝΘΙΩΝ
1059 192 1414 237 ΒΟΗΘΟΙΣ.

1510 191 1532 237 1
1541 190 1615 245 97

157 308 318 363 πολλοὶ
344 331 424 379 μεν
458 306 592 359 καλοὶ
623 330 701 363 nou
737 303 1002 376 θαυμαστοὶ
1036 304 1075 356 οἶ
1106 303 1316 399 πρόγονοι
1349 331 1434 359 των
1461 305 1617 361 ἐνθάδε
1636 326 1690 363 ’79

157 406 356 451 κειμενων
374 380 668 474 εἰργάσαντο,
695 378 954 452 ἀείμνηστα
980 377 1022 432 δὲ
1051 403 1130 432 και
1155 378 1352 451 με’γοόλοι
1385 405 1465 434 και
1491 406 1620 434 ’το-οιν-

157 482 311 525 ταχου
347 457 386 510 οἶ
424 455 530 548 ἐξ
513 455 681 509 εκεῖνων
723 454 960 522 γεγονότες
998 453 1198 549 τρόπαια
1240 452 1312 506 διοέ
1354 454 1434 517 τὴν
1473 479 1620 508 αυτ-ων

88 547 139 582 25
157 532 315 607 lipsa-viv
350 530 618 585 κατελιπον.
659 529 779 602 μόνοι
814 532 907 606 «γοῖρ
940 527 1047 606 ὕπερ
1076 530 1261 592 ἁπάσης
1297 529 1378 592 τῆς
1400 528 1624 590 Ελλοιδος
1641 551 1694 586 80

156 674 227 705 loco
243 675 365 714 planum
376 675 491 710 facere,
507 685 524 703 e
539 673 683 703 libertate
697 677 727 703 et
743 683 870 702 concor-

158 718 211 747 dia
230 718 356 754 civium,
373 728 500 757 quarum
515 716 569 747 illa
589 727 628 747 ex
649 717 706 747 hao
723 717 867 753 exsistat,

158 761 335 791 felicitatem
353 771 500 791 summam
516 760 703 791 coalescere.
728 760 850 790 Rmsss.

201 802 298 843 Μόνοι]
321 804 415 844 Vulg.
428 803 504 844 μόνοι
514 805 568 845 γὰρ
584 803 653 844 ὑπὲρ
668 804 810 834 ἁπάντων
818 805 872 833 τῶν

159 847 212 882 ’τῆς
232 846 369 882 Ἑλλάδος
382 865 426 870 —-
441 847 664 878 διεκινδύνευσαν.
709 848 779 877 Νοῃ
795 848 871 877 abeo

159 899 178 919 a
192 890 329 930 receptis
346 891 413 921 sine
432 890 618 930 gravissimo
638 889 791 920 rationum
807 900 872 920 mo-

158 937 273 970 mento,
292 944 380 973 quas,
403 935 524 971 amabo,
547 944 667 964 meeum
692 933 873 974 expendite.

160 976 298 1007 Primum
310 978 393 1008 istud
407 978 533 1012 ἁπάσης
547 979 597 1010 τῆς
609 977 746 1012 Ἑλλάδος
760 981 873 1016 praeter

159 1019 303 1050 lectionis
320 1021 535 1051 necessitatem
551 1021 700 1051 Codicum
717 1020 808 1051 etiam
824 1023 873 1050 est

160 1063 297 1101 plurium
323 1069 355 1095 et
375 1064 635 1103 praestantiorum,
663 1066 750 1094 Ioan.
782 1065 871 1094 Cant.

161 1106 275 1137 Baroc.
304 1108 412 1147 steph.
438 1108 555 1139 Muret.
581 1111 612 1138 et
639 1107 737 1137 Coisl.
763 1109 793 1137 2.
826 1107 873 1148 [et

160 1147 262 1191 Aug]
293 1161 311 1180 a
333 1161 394 1190 qua
422 1150 576 1190 scriptura
599 1150 673 1181 item
697 1161 758 1180 non
783 1151 873 1190 longe

161 1193 252 1222 abest
273 1194 358 1223 solus
378 1198 552 1223 nostrorum
568 1193 622 1233 qui
643 1197 783 1232 superest
800 1194 872 1223 Coi-

163 1234 361 1266 slinianorum
378 1237 467 1266 alter.
515 1237 559 1265 Ea
578 1240 642 1266 erat
664 1235 796 1266 Manutii
812 1236 874 1266 for-

161 1283 247 1315 tuna,
262 1284 296 1309 ut
312 1289 352 1308 ex
368 1279 485 1308 infinita
499 1288 578 1317 pene
594 1279 742 1309 varietate
759 1281 874 1310 Exem-

160 1321 290 1360 plarium
305 1321 396 1361 hujus
407 1321 567 1357 orationis,
581 1322 612 1351 in
625 1332 662 1351 ea
678 1323 743 1352 sola
753 1322 874 1352 incide-

160 1369 219 1404 tet,
230 1375 299 1405 quae
312 1368 397 1395 erant
408 1375 477 1394 cum
490 1365 676 1404 corruptelis
692 1365 874 1403 impuriora,

161 1411 227 1438 tum
253 1407 409 1438 crebriora
432 1407 562 1438 lacunis.
605 1408 697 1446 Quod
723 1406 750 1437 si
776 1406 872 1436 iidem

162 1451 265 1481 Godd.
289 1451 340 1481 vet
367 1450 460 1481 etiam
479 1450 556 1481 editi
580 1460 644 1489 prae
671 1460 703 1480 se
727 1449 874 1479 tulissent

162 1493 233 1534 ὑπὲρ
245 1494 379 1524 ἁπάντων
392 1496 449 1524 τῶν
465 1493 613 1529 Ἑλλήνων,
629 1493 680 1524 vel
699 1493 732 1523 id
751 1503 810 1522 non
827 1492 874 1522 in-

163 1538 248 1568 vitus
270 1537 469 1576 recepissem.
512 1536 640 1576 οἰόμενοι
661 1536 705 1566 δεῖ
726 1535 796 1576 ὑπὲρ
821 1548 873 1570 της

161 1578 315 1620 ἐλευθερίας
330 1579 523 1611 καὶ”Ἐλλησιν
537 1579 606 1621 ὑπὲρ
620 1579 757 1609 Ἑλλήνων
771 1580 873 1620 μάχε-

162 1622 243 1659 σθαι,
266 1623 315 1652 καὶ
338 1621 484 1664 Βαρζάροις
505 1621 597 1663 ὑπὲξ
620 1623 791 1653 ἁπάντων
808 1625 874 1652 τῶν

161 1663 337 1696 Ἐλλήνων.
353 1667 436 1696 Plat.
447 1667 572 1695 Menex.
596 1667 633 1695 In
646 1665 760 1695 ceteris
772 1670 875 1696 autem

163 1708 258 1739 στενόν
281 1709 376 1746 istud,
402 1713 436 1739 ut
461 1709 586 1744 dicitur,
606 1708 741 1749 ἐρώτημα
769 1710 807 1738 ab
835 1709 875 1739 iis

165 1758 330 1792 exspecto,
346 1752 398 1792 qui
412 1754 563 1782 cornicum
578 1752 676 1782 oculos
695 1756 793 1781 ament
808 1763 875 1782 con-

155 1794 263 1836 figere,
281 1806 337 1826 cur
357 1806 423 1826 eam
439 1799 515 1826 vett.
533 1795 633 1825 codd.
649 1795 875 1831 auctoritatem,

163 1849 253 1877 quam
273 1838 305 1868 in
326 1838 538 1879 superioribus
557 1838 631 1868 tanti
653 1838 722 1874 seci,
736 1839 798 1877 jam
822 1839 875 1867 he-

163 1882 293 1912 bescere
309 1886 340 1911 et
354 1881 469 1911 nullius
485 1882 548 1911 fere
565 1881 658 1920 pretii
673 1892 742 1911 esse
759 1882 875 1911 sinam?

164 1924 335 1965 Reperitur
353 1925 432 1955 enim
453 1924 485 1954 in
509 1925 610 1955 Codd.
633 1925 742 1963 Steph.
760 1926 876 1954 Muret.

164 1969 279 1998 Baroc.
297 1978 315 1997 a
336 1979 425 1998 manu
440 1968 546 2003 altera,
563 1972 595 1997 et
609 1968 698 1998 Cant.
714 1978 772 2008 pro
787 1966 876 2007 μόνοι,

164 2010 270 2051 μύξιοι,
284 2011 436 2050 fidemque
453 2012 547 2042 habet
565 2021 604 2040 ex
621 2011 758 2041 historia.
790 2015 812 2029 “
825 2013 876 2042 In-

166 2055 294 2085 structis
316 2056 414 2085 decem
430 2055 559 2084 millibus
573 2054 690 2084 civium
709 2059 741 2085 et
764 2055 877 2085 Platae-

166 2097 291 2127 ensibus
311 2098 512 2128 auxiliaribus
529 2098 614 2128 mille
634 2098 784 2128 adversus
808 2108 878 2128 sex-

168 2144 257 2170 centa
271 2141 369 2170 millia
384 2141 565 2173 hostiumin
582 2151 709 2179 campos
721 2141 878 2171 Maratho-

168 2183 235 2213 nios
249 2184 279 2213 in
292 2184 437 2223 proelium
450 2183 683 2222 egrediuntur.’'
705 2185 819 2216 Justin.
833 2185 878 2215 ΙΙ.

168 2230 199 2258 9.
224 2226 345 2257 Deinde
355 2227 437 2257 istud
452 2227 492 2261 δὶς
502 2226 697 2267 ἐκινδύνευσαν,
707 2228 787 2267 quod
800 2239 879 2267 prae-

167 2269 309 2306 tulimus,
320 2270 396 2300 nihil
407 2270 484 2300 adeo
500 2281 563 2310 prae
580 2281 613 2300 se
629 2271 699 2306 fert,
715 2271 775 2300 nisi
791 2271 880 2301 unius

163 2313 250 2343 eod.
265 2313 382 2343 Mureti
398 2313 605 2344 solitudinem.
649 2313 699 2342 De
712 2313 805 2353 ,abgam
824 2325 880 2354 po-

168 2360 235 2386 stea
261 2356 449 2392 videbimus,
471 2356 615 2387 districto
637 2357 725 2395 prius
745 2359 881 2394 Mureto,

170 2400 224 2438 qui
239 2405 397 2440 utramque
412 2400 589 2436 lectionem,
601 2405 660 2430 tam
675 2399 780 2440 μύριοι,
790 2412 880 2440 quam

168 2441 256 2482 μόνοι,
282 2453 376 2483 posse
401 2444 443 2473 ait
467 2443 602 2473 defendi.
653 2443 738 2479 Quid
762 2445 819 2474 hoe
843 2444 880 2474 ad

169 2486 317 2521 Criticen,
346 2486 402 2516 ubi
431 2487 582 2516 alterutra
612 2486 804 2516 solummodo
834 2493 882 2517 est

170 2528 372 2565 admittenda,
395 2530 455 2560 nisi
482 2535 636 2569 utramque
660 2529 819 2560 existimet
843 2531 881 2560 ab

170 2572 307 2602 auctoris
330 2582 420 2603 manu
439 2583 510 2603 esse
533 2572 724 2612 profectam?
758 2574 795 2602 Iu
819 2584 882 2603 mo-

169 2615 282 2645 mentis
296 2615 500 2655 inaequalibus
516 2616 653 2655 vulgaris
673 2619 740 2646 erat
759 2621 790 2646 et
806 2626 881 2655 quo-

171 2658 296 2689 tidianae
311 2659 424 2694 laudis,
439 2660 465 2689 si
479 2663 580 2689 tamen
593 2659 694 2689 laudis
710 2664 805 2694 esset,
822 2671 882 2698 quo

172 2706 281 2740 vergat
305 2703 428 2741 pondus
454 2702 570 2734 videre.
616 2702 688 2732 Hoc
714 2702 791 2732 illud
818 2707 884 2733 erat

173 2745 323 2781 profecto,
335 2745 387 2775 ubi
403 2746 518 2785 ingenii
533 2746 630 2776 aciem
648 2756 785 2777 acueres.
834 2746 884 2780 Δὶς

174 2787 277 2828 itaque
301 2786 488 2819 ἐκινδύνευσαν
513 2789 614 2819 malim
641 2799 731 2827 quam
757 2788 884 2820 διεκινδύ-

175 2837 282 2865 νευσαν,
298 2832 369 2869 quia
381 2831 410 2861 in
425 2833 481 2862 hoo
498 2833 583 2871 quasi
600 2831 704 2861 limine
721 2837 752 2861 et
768 2842 885 2862 summa

176 2872 356 2903 narrationis
373 2874 488 2904 aditum
511 2875 570 2905 sibi
592 2875 702 2914 quaerit
717 2877 830 2905 Orator
845 2877 883 2906 ad

176 2917 336 2954 utramque
349 2917 504 2948 historiam
517 2929 630 2953 rerum,
647 2929 689 2948 sc.
705 2923 769 2949 tum
783 2920 884 2949 Mara-

178 2957 271 2987 thone
299 2963 362 2988 tum
387 2959 539 2991 Salamine
570 2969 735 3001 gestarum,
761 2973 822 2992 non
847 2963 885 2992 ad

178 3010 265 3031 unum
298 3001 392 3034 solam
430 3005 645 3035 exornandam.
691 3006 800 3044 Neque
837 3016 884 3036 me

906 673 994 713 piget
1009 672 1163 711 lectionis,
1179 674 1260 712 quod
1278 673 1344 704 haec
1364 673 1526 705 videantur
1543 674 1624 704 veri-

905 721 968 746 tate
995 717 1141 747 historica
1164 716 1301 748 destitui.
1351 717 1423 747 Hoc
1449 721 1514 748 erat
1538 720 1622 747 certe

906 760 1031 790 Oratori
1056 761 1302 791 condonandum.
1348 760 1529 791 Memineris
1554 761 1622 790 haec

905 814 964 833 non
980 804 1017 833 ad
1031 802 1139 843 fidem,
1158 804 1212 834 sed
1233 804 1271 834 ad
1286 804 1415 844 gloriam
1439 815 1508 834 esse
1525 803 1623 840 dieta,

905 851 998 886 atque
1011 847 1160 886 optimum
1175 857 1326 886 quemque
1341 847 1372 876 in
1383 847 1484 886 patria
1499 857 1554 888 pro
1567 857 1622 886 pa-

905 890 965 920 tria
978 890 1133 920 dicentem
1150 901 1272 920 suorum
1288 890 1548 932 civiumfiirtunae
1564 890 1621 920 im·

905 943 988 973 pune
998 943 1093 972 posse
1105 933 1317 975 essesabrum.
1332 934 1372 965 Οὔ
1381 933 1521 975 χαλεπὸν
1530 932 1621 965 Ἀθη-

905 975 992 1010 ναίους
1004 975 1030 1007 ἐν
1045 975 1200 1011 Ἀθηναίοις
1216 976 1348 1015 ἐπαινεῖν,
1364 982 1396 1007 ut
1406 977 1482 1007 scite
1492 977 1620 1007 dicitur.

906 1020 979 1050 Hoc
1007 1019 1038 1049 in
1067 1020 1136 1050 aliis
1170 1026 1283 1059 praeter
1313 1025 1449 1051 nostrum
1473 1020 1620 1050 cernitur.

905 1061 1012 1092 Ἐκεῖνοι
1032 1061 1079 1092 τὸν
1099 1061 1131 1102 ἐξ
1144 1063 1262 1097 ἁπάσης
1276 1065 1326 1098 τῆς
1341 1063 1440 1098 Ἀσίας
1455 1063 1557 1094 στόλον
1571 1062 1622 1093 ἔλ-

907 1105 998 1135 θόντα,
1012 1106 1114 1146 μόνοι
1130 1106 1176 1141 δὶς
1191 1106 1342 1146 ἦμύναντο,
1355 1107 1493 1137 καὶκατὰ.
1508 1109 1557 1146 γῆν
1571 1106 1621 1136 καί

907 1151 987 1179 κατα
1016 1148 1178 1180 Θάλατταν.
1224 1151 1388 1180 Demosth.
1413 1150 1445 1180 in
1473 1150 1621 1190 Epitaph.

907 1192 1039 1223 Accedit
1055 1193 1143 1223 testis
1159 1203 1219 1222 non
1241 1194 1496 1228 contemnendus,
1512 1197 1621 1232 utpote

906 1246 968 1265 non
988 1236 1092 1266 studio
1116 1236 1225 1275 patria>
1252 1238 1417 1271 abductus,
1441 1236 1622 1266 Historicus

908 1278 1208 1314 Halicarnasseusis‚
1219 1280 1370 1317 quisnam
1386 1279 1568 1308 sententiam
1582 1279 1622 1308 de

909 1322 1081 1360 posteriore
1101 1322 1263 1351 Persarum
1281 1320 1481 1360 expeditione
1499 1320 1623 1361 ἐπίφθο-

906 1373 944 1392 νον
963 1361 1019 1402 μὲν
1036 1362 1110 1403 «προς
1130 1366 1186 1393 τῶν
1210 1362 1339 1401 πλεόνων,
1354 1368 1388 1393 ut
1407 1364 1474 1403 ipse
1496 1364 1550 1400 ait,
1567 1364 1624 1394 sed

907 1405 976 1446 ‘ruys
1000 1404 1128 1445 ἐφαίνετο
1149 1406 1268 1443 ἀληθὲς,
1288 1408 1331 1438 ita
1354 1407 1495 1446 exponit:
1521 1408 1573 1437 Νῧν
1595 1406 1625 1438 δὲ

907 1447 1097 1482 'ASnvaa'ovc''
1080 1461 1113 1478 αν
1126 1461 1172 1483 ’τις
1186 1450 1276 1489 λέγων
1290 1461 1421 1490 σωτηξας
1433 1449 1561 1488 γενέσθαι
1574 1463 1626 1485 της

906 1491 1042 1526 Ἐλλάδος
1057 1492 1105 1522 οὐκ.
1119 1492 1152 1522 ἂν
1166 1494 1325 1534 ἁμαρτάνοι
1340 1492 1473 1528 τάληθές·
1487 1491 1559 1523 οὗτοι
1570 1495 1625 1534 γὰρ

906 1533 953 1565 ἐπὶ
965 1535 1086 1576 ἑκάτερα
1094 1538 1149 1567 τῶν
1159 1537 1344 1576 πρηγμάτων
1352 1535 1517 1576 ἐτςάποντο,
1526 1548 1626 1566 ταυτα

907 1577 999 1618 ῥέψειν
1016 1578 1136 1618 ἐ’μελλε.
1158 1579 1282 1618 ἑλόμενοι
1299 1580 1327 1610 δὲ
1345 1580 1475 1610 Ἐλλάδα
1495 1581 1626 1620 περιεῖναι

908 1620 1057 1662 ἐλευθέρην,
1077 1634 1162 1652 τουτο
1179 1634 1211 1652 το
1227 1622 1385 1654 Ἔλληνιιιον
1403 1634 1459 1653 παν
1482 1623 1515 1653 τὸ
1533 1622 1627 1654 λοιπὸν

908 1664 970 1694 ὅσον
985 1666 1028 1704 μὴ
1052 1664 1184 1704 ἐμήδισε,
1205 1666 1286 1696 αὐτοὶ
1303 1664 1376 1696 οὗτοι
1393 1665 1459 1696 ἐ’σαν
1475 1667 1498 1696 οῖ
1516 1664 1627 1705 ἐπεγεί-

908 1718 1003 1748 ραντες
1014 1708 1062 1737 καὶ
1075 1708 1205 1742 βασιλῆα
1217 1710 1299 1749 μετά
1311 1720 1343 1747 γε
1354 1707 1429 1743 &subc
1438 1709 1625 1748 ἀνωσάμενοι.

909 1750 1065 1781 Herodot.
1081 1752 1226 1791 Polymn.
1245 1755 1318 1783 139.
1343 1753 1440 1782 Recte
1461 1752 1549 1788 editi,
1566 1762 1624 1781 non

909 1794 1106 1835 ἀπωσάμενοι,
1123 1800 1156 1825 ut
1177 1796 1313 1835 conjecit
1332 1796 1517 1835 Stephanus.
1540 1794 1626 1824 Ἀνώ-

909 1848 1023 1873 σαντες,
1034 1836 1277 1878 ἀναστξὲψαντες.
1316 1837 1455 1877 Hesych.
1493 1839 1535 1868 Et
1551 1837 1629 1868 alibi

910 1881 1065 1911 Herodot.
1077 1882 1172 1912 Uran.
1184 1892 1229 1911 so.
1241 1884 1314 1913 109.
1337 1879 1426 1917 Νὲῴος
1436 1882 1570 1911 τοσοῦτον
1578 1882 1624 1910 ἄν·

910 1923 1024 1963 egdoram
1036 1925 1074 1953 ιἰν
1082 1935 1131 1953 ωο·
1140 1925 1194 1965 άμ
1203 1935 1214 1954 ε
1223 1936 1280 1955 νοι.
1299 1925 1378 1955 Haec
1386 1924 1411 1954 si
1419 1923 1624 1960 constiterint,

911 1967 950 1997 de
960 1967 1054 2006 μύριοι
1066 1979 1154 1998 nemo
1168 1968 1283 1998 deinde
1297 1968 1423 1998 verbum
1436 1967 1558 1998 unicum
1571 1967 1625 1997 ad-

911 2010 1037 2040 diderit.
1077 2012 1156 2041 Nam
1183 2015 1218 2040 ut
1238 2012 1279 2042 de
1294 2011 1406 2051 proelio
1427 2010 1624 2041 Marathonio

911 2054 1031 2090 stricte,
1043 2058 1134 2093 atque
1143 2055 1282 2094 profecto
1293 2053 1446 2090 exactius,
1457 2064 1547 2092 quam
1558 2064 1627 2084 ora-

911 2102 1010 2127 torem
1028 2097 1146 2133 decuit,
1166 2097 1228 2128 dici
1245 2102 1375 2138 poterat,
1396 2097 1438 2127 ita
1459 2097 1625 2127 Salaminio

911 2141 996 2170 nullo
1008 2141 1099 2171 modo
1115 2145 1292 2180 competere
1304 2145 1405 2180 queat.
1429 2141 1471 2171 Et
1485 2140 1627 2180 vegetior

913 2189 996 2214 certe
1014 2189 1062 2214 est
1077 2184 1245 2225 oppositio,
1265 2184 1342 2224 μόνοι
1357 2182 1425 2222 ὑπὲξ
1442 2183 1560 2217 ἁπάσης
1575 2184 1628 2218 ’τῆς

911 2225 1060 2264 Ἐλλάδος,
1075 2238 1162 2267 quam
1173 2227 1264 2268 μύριοι
1274 2227 1340 2268 πρὸς
1355 2229 1467 2261 πολλὰς
1475 2226 1627 2268 μυριάδας.

914 2271 985 2300 Νοιι
998 2276 1047 2301 est
1057 2271 1139 2301 enim
1151 2272 1315 2301 obscurum
1333 2270 1457 2309 Lysiam
1474 2274 1626 2306 nostrum,

913 2318 948 2343 ut
963 2315 1075 2353 vulgus
1089 2314 1320 2344 Atheniensium
1338 2312 1532 2352 Scriptorum
1548 2323 1626 2343 sem-

915 2368 969 2397 per
985 2358 1116 2393 solebat,
1137 2357 1169 2386 id
1186 2357 1215 2386 in
1232 2356 1368 2387 oratione
1382 2356 1537 2386 obstinate
1555 2366 1629 2386 cou-

914 2400 1052 2440 tendere,
1065 2406 1098 2431 ut
1108 2400 1248 2430 omnibus
1259 2400 1381 2439 planum
1393 2400 1520 2435 faceret,
1533 2399 1630 2429 Athe-

914 2444 1036 2473 nienses
1046 2454 1111 2474 eam
1125 2444 1154 2473 in
1166 2443 1286 2473 bellicis
1297 2444 1391 2473 iebus
1402 2443 1628 2478 anctoritatem,

914 2487 996 2516 istud
1012 2499 1044 2516 το
1061 2487 1157 2521 ἄλλοις
1166 2485 1366 2529 προηγεῖσθαι,
1380 2497 1478 2525 neque
1488 2485 1630 2524 sinejure

917 2530 1208 2570 vindicasse,neque
1220 2530 1353 2570 gessisse
1371 2530 1436 2559 sine
1447 2528 1555 2568 gloria.
1579 2529 1631 2557 Ita

916 2573 947 2603 in
971 2572 1021 2609 iis,
1037 2584 1104 2612 quae
1126 2584 1199 2604 mox
1218 2578 1401 2613 sequentur:
1420 2571 1461 2602 Ἐν
1479 2571 1576 2602 άπασι
1601 2569 1630 2600 δὲ

916 2617 977 2650 τοῖς
993 2616 1116 2651 κινδύνοις
1137 2616 1225 2650 δόντες
1240 2616 1359 2657 ἔλεγχον
1378 2628 1430 2651 της
1449 2615 1555 2645 ἑαυτῶν
1568 2624 1630 2666 αρε-

916 2662 1022 2693 ‘rfic—
1036 2671 1097 2690 υωο
1118 2661 1232 2690 πάντων
1250 2660 1412 2713 ἦξιώθησοιν
1434 2658 1481 2689 καὶ
1502 2655 1575 2710 μεθ’
1596 2667 1632 2685 ων

917 2701 1084 2739 ἐκινδύνευον,
1102 2715 1149 2734 και
1167 2715 1241 2745 rte-po«,-
1257 2703 1300 2736 οὓς
1313 2702 1482 2744 ἐπολέμουν,
1500 2699 1631 2738 ηγεμό-

917 2757 968 2781 νες
992 2746 1121 2785 γενεσθαι
1145 2759 1207 2782 της
1226 2746 1413 2779 Ἑλλάδος.
1458 2745 1499 2774 Et
1519 2742 1630 2794 paucis

917 2790 1105 2829 interjectis.
1129 2788 1189 2820 Ων
1209 2788 1287 2819 ε’νεκα
1312 2788 1354 2818 δεῖ
1366 2788 1463 2827 μόνους
1482 2797 1531 2816 και
1553 2795 1631 2825 προ-

917 2834 1016 2863 στάτ
1025 2845 1042 2862 οι
1052 2845 1064 2868 ς
1082 2835 1136 2863 τῶν
1149 2832 1297 2867 Ἔλληνων,
1315 2831 1362 2860 καὶ
1379 2843 1392 2861 η
1401 2841 1472 2869 γεμ
1482 2827 1493 2857 ὅ
1502 2839 1513 2857 ν
1522 2839 1561 2861 ας
1577 2829 1632 2858 τῶν

918 2888 961 2906 wo
956 2876 1032 2907 λεων
1045 2875 1206 2915 γίγνεσθαι.
1227 2875 1279 2905 Sic
1299 2874 1389 2904 Plato
1405 2874 1531 2903 Mencx.
1555 2872 1631 2909 ἥγε

917 2918 1002 2958 μόνε
1012 2931 1024 2954 ς
1045 2919 1093 2949 καὶ
1115 2918 1281 2949 διδάσκαλοι
1296 2917 1356 2949 τοῖς
1371 2916 1469 2949 ἄλλοις
1484 2913 1633 2954 γενόμενοι,

919 2963 964 2993 ὅτι
983 2962 1031 2993 οὐκ
1050 2963 1172 3013 ἄμαχος
1191 2973 1229 2992 ειη
1250 2973 1264 2991 η
1284 2962 1396 2999 Περσων
1419 2958 1545 2999 δύναμις.
1591 2959 1631 2988 Et

919 3006 973 3036 alii
991 3016 1085 3044 saepe.
1131 3001 1217 3035 οὗτοι
1233 3002 1304 3035 ησ-αν
1325 3003 1346 3032 οἱ
1363 3004 1479 3034 τοιοῦτοι
1501 3002 1523 3031 οἱ
1543 3012 1591 3032 την
1609 3000 1633 3031 ἐν
