1839 3229
243 199 324 240 142
802 198 840 242 I.
872 198 1134 242 TAYLORI

234 289 356 332 Leges
373 289 469 323 enim
486 288 611 333 Regiae
634 290 670 324 in
688 289 965 325 desuetudinem
987 291 1165 325 abeuntes
1182 290 1355 325 citissime
1379 291 1534 326 describi
1550 292 1658 336 atque
1671 302 1694 325 a

232 344 360 387 peritis
377 344 544 389 conquiri
561 344 745 380 desivero:
775 345 830 378 vel
848 345 883 378 in
902 345 1001 380 XII.
1024 346 1251 380 Tabularum
1269 346 1560 390 complexionem
1575 350 1613 380 et
1629 356 1693 380 au-

234 399 443 432 ctoritatem
471 400 678 443 migrantes,
706 399 898 433 fluviorum
922 400 968 433 ad
983 400 1095 434 instar
1119 401 1155 434 in
1175 411 1306 445 magno
1322 401 1391 434 isto
1410 400 1560 434 Oceano
1578 400 1690 442 Juri3‚

231 455 268 486 et
282 463 414 488 nornen
437 456 474 487 et
492 455 705 498 dignitatem
732 453 879 498 penitus
907 453 1070 488 amisere.
1122 455 1298 489 Romulus
1322 455 1461 488 interea
1476 455 1574 488 unde
1591 454 1690 488 unde

230 508 400 553 adripuit,
426 519 510 545 narn
539 512 576 542 et
600 512 683 542 ante
710 509 882 543 Solonem
906 509 1014 553 vixit,
1044 521 1163 555 neque
1186 510 1384 555 quidquam
1410 510 1484 543 fere
1511 521 1553 543 ea
1580 512 1691 543 aetate

233 562 364 597 Romae
383 574 466 597 cum
484 564 622 597 Graecis
643 566 706 597 aut
721 564 857 597 artibus
874 567 938 598 aut
962 564 1152 609 disciplina
1180 564 1401 606 commercii,
1428 565 1500 607 ille,
1527 564 1690 608 inquam,

231 620 408 661 quantum
427 629 477 652 ex
500 618 649 652 Catonis
675 619 838 651 oratione
855 619 953 662 apud
971 620 1063 653 Geli.
1087 620 1141 654 X.
1159 622 1218 655 23.
1245 619 1412 663 augurari
1430 619 1526 661 licet,
1544 618 1694 652 adulte-

228 671 324 704 rium
353 672 483 705 Graeca
516 672 708 706 severitate
736 673 941 717 pensitavit.
990 676 1011 692 “
1027 674 1149 708 Verba
1173 675 1230 709 M.
1250 674 1400 709 Catonis
1434 673 1610 717 adscripsi
1642 684 1691 707 ex

229 726 401 769 oratione,
423 738 506 771 quae
525 728 729 761 inscribitur
754 728 799 761 de
830 729 938 769 Dote,
965 727 1003 762 in
1026 740 1098 774 qm
1120 730 1156 764 id
1182 741 1330 775 quoque
1352 730 1527 773 scriptum
1556 730 1621 768 est,
1651 727 1688 762 in

228 780 401 815 adulterio
429 793 555 816 uxores
581 782 810 827 deprehensas
829 783 893 829 jus
907 783 1025 829 fuisse
1041 785 1177 819 maritis
1193 797 1313 819 necare
1330 804 1375 810 —
1391 783 1449 818 De
1462 784 1546 827 jure
1565 786 1690 817 autem

229 836 423 870 occidendi
450 837 502 871 ita
530 838 716 882 scriptum.
766 839 811 872 In
836 839 1013 873 adulterio
1043 850 1193 873 uxorem
1216 843 1316 874 tuam
1336 840 1363 873 si
1382 839 1691 884 deprehendisses,

227 890 299 924 sine
322 890 461 936 judicio
492 891 630 938 impune
662 904 825 927 necares:
850 894 921 927 Illa
933 896 983 934 te,
1017 894 1044 927 si
1061 895 1294 937 adulterares,
1322 894 1434 938 digito
1452 904 1524 927 non
1542 893 1692 926 auderet

230 946 457 989 contingere;
486 957 606 992 neque
629 948 691 991 jus
716 948 807 982 est.”
832 949 924 983 Gell.
943 951 965 983 l.
985 960 1017 984 c.
1046 950 1188 984 Similia
1204 950 1350 983 omnino
1363 950 1408 983 de
1425 948 1571 982 Romuli
1588 949 1691 982 insti-

228 1000 317 1033 tutis
344 1001 452 1035 refert
469 1002 618 1046 Dionys.
646 1003 765 1037 Halic.
790 1004 914 1048 Antiq.
933 1005 1042 1038 Rom.
1060 1005 1084 1038 l.
1102 1007 1135 1038 2.
1184 1004 1444 1049 Ἀμαρτάνουσα
1458 1004 1490 1036 δέ
1505 1018 1536 1037 τι
1551 1000 1692 1049 [Uxor]

228 1055 389 1096 δικαστὴν
405 1059 466 1089 τὸν
483 1058 699 1101 ἀδικούμενον
729 1060 910 1103 ἐλάμβανε,
933 1062 987 1093 καὶ
1014 1063 1071 1093 τοῦ
1095 1060 1252 1103 μεγέθους
1280 1062 1355 1099 τῆς
1383 1059 1540 1102 Τίμωρῖας
1567 1058 1694 1101 Κύρων·

228 1113 343 1144 Ταῦτα
361 1110 393 1143 δὲ
411 1112 440 1143 οἱ
458 1117 631 1155 συγγενεῖς
645 1116 730 1157 μετὰ
748 1118 806 1146 τοῦ
824 1115 947 1158 ἀνδρὸς
965 1115 1127 1158 ἐδίκαζον,
1145 1115 1182 1146 ἐν
1196 1112 1246 1153 οἷς
1269 1111 1314 1154 ἧν
1343 1114 1476 1157 φθορὰ
1502 1114 1694 1156 σώματος

229 1167 283 1197 καὶ
299 1166 325 1197 εἴ
342 1178 392 1204 τις
404 1163 499 1198 οἶνον
518 1167 659 1209 εὑρεθείη
691 1170 814 1200 πιοῦσα
844 1170 942 1211 γυνὴ.
992 1168 1102 1202 Hanc
1130 1167 1204 1201 sive
1235 1165 1463 1200 severitatem
1482 1166 1556 1199 sive
1570 1176 1696 1199 neces-

231 1219 359 1252 sariam
380 1219 562 1262 justitiam
591 1222 807 1265 temperavit
830 1222 1057 1266 aliquatenus
1087 1221 1260 1266 sequioris
1285 1220 1404 1254 aetatis
1421 1221 1640 1263 humanitas,
1658 1222 1696 1253 et

231 1273 393 1307 maxime
407 1274 487 1307 Lex
501 1273 612 1307 Julia.
663 1271 719 1308 Ea
747 1275 844 1309 enim
874 1276 1025 1309 armavit
1050 1276 1170 1319 potius
1187 1275 1357 1309 Patrem:
1382 1278 1430 1316 et,
1450 1285 1533 1308 cum
1555 1274 1696 1308 Marito

229 1328 399 1372 istudjus
415 1339 486 1361 non
503 1330 696 1372 concessit,
712 1330 778 1363 nisi
793 1330 829 1363 in
843 1329 967 1364 infami
985 1329 1161 1373 adultero,
1176 1328 1295 1373 (puta,
1324 1329 1352 1362 si
1369 1330 1451 1363 leno
1470 1329 1589 1369 fuerit,
1616 1329 1696 1373 qui-

236 1394 281 1417 ve
296 1386 407 1417 artem
432 1384 610 1417 ludicram
636 1384 772 1426 fecerit,
791 1385 980 1428 judiciove
1007 1385 1152 1428 publico
1181 1385 1373 1418 damnatus
1399 1387 1469 1418 etc.
1487 1395 1523 1417 v.
1542 1383 1565 1417 l.
1581 1385 1640 1418 24.
1658 1384 1697 1417 in

238 1437 353 1481 princ.
373 1438 421 1471 D.
441 1438 486 1471 ad
504 1438 572 1481 leg.
592 1438 666 1472 Jul.
688 1439 732 1472 de
759 1440 912 1473 adulter.
964 1439 1209 1480 Quamobrem
1240 1440 1284 1472 ab
1316 1439 1472 1483 Ulpiano
1488 1439 1511 1473 l.
1529 1441 1563 1472 7.
1582 1439 1612 1483 ζ.
1632 1439 1698 1472 ult.

241 1491 290 1526 D.
310 1492 406 1536 quod
425 1495 509 1526 met.
527 1504 624 1528 cauS.
644 1493 787 1528 dicitur.
840 1495 863 1512 “
879 1494 964 1528 Non
989 1505 1132 1528 omnem
1151 1494 1354 1528 adulterum
1372 1494 1458 1527 licet
1473 1493 1639 1528 occidere
1651 1492 1699 1538 :'’)

160 1544 223 1573 711
243 1547 340 1581 Patri
357 1547 559 1581 adulterum
577 1548 757 1593 quemlibet
774 1549 849 1582 sive
868 1549 966 1583 domi
983 1561 1069 1591 suae,
1087 1550 1159 1584 sive
1176 1549 1309 1593 generi,
1327 1550 1362 1582 in
1380 1550 1458 1594 ipsa
1475 1548 1700 1593 turpitudine

242 1601 504 1646 deprehensum
534 1603 701 1637 occidere
731 1603 909 1648 permisit,
936 1605 1044 1638 modo
1071 1615 1145 1637 una
1168 1604 1278 1637 filiam
1305 1604 1535 1638 interfecerit.
1587 1604 1697 1645 Quod

240 1657 402 1700 explicat
418 1656 606 1700 Papinian.
625 1658 647 1692 l.
659 1660 716 1692 22.
735 1658 764 1701 ξ.
783 1661 817 1692 4.
837 1659 884 1692 D.
899 1660 945 1693 ad
962 1659 1008 1693 L.
1025 1659 1161 1692 Juliam
1180 1659 1224 1692 de
1242 1659 1355 1693 adult.
1405 1659 1429 1678 “
1445 1659 1609 1703 Ideoque
1627 1658 1698 1692 Pa-

240 1711 298 1752 tri,
316 1721 386 1744 non
405 1711 553 1754 Marito,
569 1712 757 1746 mulierem
776 1716 812 1746 et
828 1725 961 1747 onmem
978 1714 1181 1747 adulterum
1205 1714 1418 1757 permissum
1436 1715 1493 1747 est
1519 1713 1698 1755 occidere,

240 1768 337 1812 quod
352 1768 564 1813 plerumque
586 1768 701 1813 pietas
718 1770 857 1813 paterni
871 1770 1025 1804 nominis
1047 1770 1237 1804 consilium
1254 1781 1319 1814 pro
1335 1770 1456 1804 liberis
1473 1770 1584 1814 cepit,
1603 1772 1700 1803 cete-

239 1833 318 1856 rum
337 1823 454 1856 mariti
471 1824 568 1857 calor
581 1827 617 1857 et
629 1824 785 1868 impetus
799 1824 901 1858 facile
919 1825 1145 1859 decernentis
1162 1825 1229 1858 fuit
1243 1825 1521 1859 refraenandus.”
1561 1824 1700 1858 Remit-

240 1879 294 1910 tet
311 1877 406 1911 enim
423 1878 559 1922 aliquid
577 1879 622 1911 de
641 1879 846 1920 severitate,
866 1879 1077 1923 tardiusque
1105 1880 1151 1913 ad
1179 1879 1318 1912 caedem
1347 1880 1512 1919 accedet,
1532 1879 1594 1923 qui
1610 1889 1700 1912 non—

240 1931 308 1964 nisi
332 1943 394 1975 per
418 1944 483 1966 sua
511 1933 779 1977 quodammodo
796 1934 934 1967 viscera
952 1937 988 1968 et
1005 1933 1246 1968 domesticum
1272 1934 1378 1967 funus
1395 1943 1606 1967 accessurus
1622 1934 1699 1967 erit.

241 1986 413 2021 Ceterum
430 1988 526 2032 quod
539 1988 601 2031 jus
614 1987 764 2021 maritus
776 1986 961 2033 aliquando
978 1989 1015 2022 in
1028 1989 1202 2030 adultero,
1220 1989 1256 2022 id
1273 1997 1460 2032 nunquam
1478 1988 1653 2022 Romanis
1664 1988 1700 2020 in

241 2041 381 2084 legibus
398 2042 541 2076 videtur
558 2043 597 2076 in
626 2053 744 2076 uxore
770 2043 960 2077 habuisse:
987 2044 1142 2087 ideoque
1167 2043 1227 2088 qui
1255 2053 1405 2076 uxorem
1424 2042 1608 2084 occiderit,
1635 2053 1702 2086 pro

240 2096 422 2131 homicida
437 2097 602 2141 habetur,
621 2108 745 2131 verum
760 2099 839 2142 lege
865 2098 1033 2132 Cornelia
1058 2098 1102 2132 de
1120 2098 1265 2132 Sicariis
1281 2108 1353 2131 non
1369 2097 1563 2139 tenebitur,
1582 2107 1698 2140 quon-

240 2151 312 2184 iam
334 2150 433 2194 justo
459 2152 537 2195 ejus
566 2153 678 2186 dolori
694 2163 825 2196 poenas
847 2153 987 2187 ultimas
1004 2154 1257 2187 condonarunt
1274 2152 1521 2186 humanissimi
1539 2152 1701 2196 Impera-

241 2207 347 2248 tores,
359 2205 398 2239 in
412 2217 565 2251 eamque
577 2208 793 2241 sententiam
810 2208 991 2252 rescripsit
1007 2208 1063 2242 Μ.
1084 2208 1291 2241 Antoninus
1309 2211 1345 2240 et
1362 2206 1585 2241 Commodus
1602 2208 1699 2251 apud

241 2261 389 2305 Ulpian.
406 2263 430 2296 l.
447 2264 505 2296 38.
527 2263 557 2306 ξ.
574 2266 607 2297 8.
619 2262 700 2296 eod.
719 2265 756 2296 et
773 2265 856 2296 ante
873 2254 934 2296 eos
950 2262 1157 2297 Antoninus
1172 2261 1356 2296 Piusibid.
1376 2264 1412 2295 et
1429 2262 1451 2295 l.
1470 2264 1502 2295 1.
1519 2261 1557 2295 in
1574 2261 1634 2294 fin.
1650 2261 1700 2294 D.

243 2315 287 2348 ad
305 2317 328 2349 l.
347 2317 495 2351 Cornel.
515 2318 560 2351 de
586 2318 703 2352 sicar.
753 2317 869 2361 Cujus
886 2318 1051 2362 rescripti
1071 2318 1182 2351 verba
1199 2318 1250 2351 sic
1276 2327 1313 2350 se
1334 2316 1488 2350 habent:
1518 2316 1542 2333 “
1556 2315 1615 2356 Ei,
1640 2316 1700 2359 qui

243 2379 394 2404 uxorem
413 2382 516 2405 suam
535 2372 572 2406 in
591 2372 770 2406 adulterio
782 2372 1038 2417 deprehensam
1057 2372 1234 2406 occidisse
1251 2382 1375 2406 senon
1392 2375 1513 2414 negat,
1530 2371 1698 2404 ultimum

243 2424 461 2467 supplicium
480 2426 615 2459 remitti
641 2429 774 2470 potest,
794 2437 879 2460 cum
897 2426 944 2460 sit
961 2425 1209 2460 difficillimum
1223 2426 1363 2469 justum
1382 2424 1541 2458 dolorem
1560 2427 1700 2469 tempe-

241 2488 319 2511 rare
334 2489 342 2512 :
369 2482 405 2512 et
417 2479 505 2523 quia
521 2481 601 2524 plus
619 2481 754 2523 fecerit,
771 2492 882 2526 quam
901 2481 986 2526 quia
1001 2481 1186 2515 vindicare
1211 2492 1248 2514 se
1265 2490 1337 2514 non
1355 2480 1530 2522 debuerit,
1547 2480 1701 2524 punien—

241 2533 310 2567 dus
326 2535 389 2568 sit:
417 2536 567 2569 sufficiet
584 2537 703 2580 igitur,
717 2538 746 2570 si
765 2537 909 2572 humilis
925 2538 995 2572 loci
1015 2538 1072 2579 sit,
1088 2538 1124 2570 in
1140 2549 1229 2582 opus
1245 2540 1461 2581 perpetuum
1479 2547 1562 2570 eum
1581 2537 1693 2570 tradi:

240 2589 269 2622 si
283 2590 346 2634 qui
370 2590 560 2633 honestior,
588 2593 624 2625 in
648 2593 803 2626 insulam
822 2593 1008 2638 relegari.''
1056 2594 1171 2627 Recte
1189 2603 1274 2636 ergo
1292 2593 1474 2637 eamjuris
1491 2593 1691 2635 benignita-

239 2647 313 2678 tem
330 2646 499 2690 exprimit
526 2647 675 2691 Ulpian.
692 2649 716 2681 l.
735 2651 768 2682 3.
786 2649 816 2691 ξ.
835 2652 868 2682 3.
920 2649 967 2682 D.
1000 2650 1045 2682 de
1069 2649 1258 2683 Senatusc.
1285 2648 1395 2682 Silan.
1429 2648 1503 2682 “Si
1533 2647 1695 2682 Maritus

238 2701 274 2733 in
290 2701 466 2735 adulterio
485 2701 747 2746 deprehensam
764 2714 918 2737 uxorem
936 2704 1089 2746 occidat,
1102 2704 1187 2748 quia
1199 2703 1393 2748 ignoscitur
1406 2703 1451 2743 ei,
1461 2712 1532 2736 non
1557 2704 1700 2736 tantum

239 2756 369 2797 mariti,
394 2757 457 2790 sed
485 2757 592 2790 etiam
619 2758 888 2792 ux01·is„serv0s
906 2769 1018 2802 poena
1035 2758 1188 2800 liberari,
1207 2759 1234 2791 si
1251 2758 1392 2802 justum
1419 2758 1579 2791 dolorem
1597 2769 1702 2792 exse-

238 2811 363 2856 quenti
382 2812 529 2846 domino
548 2823 620 2846 non
638 2813 882 2848 restiterunt?
929 2813 1072 2847 Eadem
1088 2816 1166 2846 erat
1190 2813 1407 2856 humanitas,
1439 2814 1469 2847 si
1494 2813 1576 2857 quis
1590 2813 1700 2847 inter-

238 2866 360 2900 fecerit
374 2868 580 2901 adulterum
597 2871 708 2901 noctu
725 2867 988 2912 deprehensum
1001 2867 1081 2910 ejus
1097 2868 1323 2901 condicionis
1348 2871 1390 2901 ut
1406 2879 1469 2912 per
1485 2869 1603 2911 legem
1625 2868 1694 2901 Ju-

237 2923 322 2957 liam
340 2924 486 2968 impuno
503 2924 619 2958 occidi
637 2935 707 2958 non
733 2924 901 2968 potuerit.
952 2925 974 2942 “
990 2924 1027 2957 Si
1055 2923 1143 2968 legis
1165 2923 1368 2958 auctoritate
1390 2929 1542 2958 cessante
1565 2922 1692 2956 incon-

236 2980 331 3012 sulto
345 2980 465 3014 dolore
483 2980 684 3014 adulterum
701 2980 891 3023 interemit,
912 2979 1075 3022 quamvis⁴
1099 2978 1333 3013 homicidium
1361 2980 1610 3022 perpetratum
1633 2977 1678 3010 sit
