1819 3219
710 197 1042 239 PRAEFATIO.
1543 198 1593 238 19

202 302 385 352 Ejusdem
406 303 707 352 praestantissimi
732 305 812 342 Viri
839 304 991 354 adjutu,
1015 304 1243 342 Orationem
1265 305 1485 351 secundam,
1504 317 1592 353 quae

148 363 337 403 Funebris
350 369 422 410 est,
440 365 616 403 collatam
631 366 762 403 curavi
777 379 864 403 cum
880 367 980 404 Cod.
996 367 1082 404 MS.
1097 366 1389 403 membranaceo
1404 366 1440 403 in
1457 362 1591 404 eadem

146 425 382 464 bibliotheca
411 432 619 473 asservato,
647 439 750 465 num.
772 432 864 474 249,
884 429 948 475 qui
975 427 1022 464 ad
1049 427 1243 464 decimum
1268 427 1451 464 saeculum
1477 426 1591 464 facile

145 487 322 536 assurgit.
379 488 497 525 Liber
526 488 588 524 ille
609 488 722 525 bonae
741 488 861 539 frugis
880 490 1016 538 plenus
1037 495 1153 537 atque
1174 487 1403 525 auctoritate
1424 500 1591 524 summus

145 549 415 598 complectitur
444 554 632 599 praeterea
651 550 842 587 AEschinis
863 551 1070 588 Orationes
1090 555 1130 587 et
1150 549 1359 600 Epistolas,
1379 554 1418 586 et
1439 548 1590 598 Synesii

145 610 340 648 nonnulla.
403 611 593 660 Ejusdem
617 611 816 649 Orationis
837 612 1043 662 Exemplar
1063 612 1148 650 MS.
1169 617 1351 649 asservat.
1374 609 1590 647 instructis-

145 669 240 708 sima
261 671 498 709 bibliotheca
519 671 755 709 Barocciana
771 673 902 709 eadem
924 673 1003 709 sere
1023 678 1061 709 et
1081 677 1196 710 aetate
1216 678 1254 709 et
1275 670 1351 711 fide
1373 676 1590 708 exaratum:

143 731 248 779 quod
270 745 357 769 cum
379 733 490 770 editis
511 745 624 780 quam
646 734 935 771 accuratissime
962 733 1124 771 contuli.
1182 731 1316 770 Codex
1345 732 1408 769 ille
1440 731 1589 782 Synesii

141 806 296 842 quoque
316 795 495 832 nonnulla
525 795 713 839 continet,
744 796 983 841 chartaceus,
1004 808 1110 833 num.
1133 797 1220 833 139.
1242 797 1323 832 4to.
1343 794 1380 831 in
1401 793 1590 843 principio

141 855 322 892 orationis
340 856 509 895 mutilus.
567 857 718 894 Desunt
743 857 885 894 etenim
906 856 985 893 duo
1005 855 1096 893 folia
1122 855 1281 905 integra,
1302 861 1415 902 atque
1437 855 1592 904 insuper

140 916 244 953 tertii
259 929 346 968 pars
367 917 538 955 dimidia.
594 918 826 966 Ceteroquiu
849 918 962 955 bonae
978 923 1096 961 notae,
1114 929 1239 965 neque
1261 929 1306 954 ea
1326 922 1432 954 vasta
1453 916 1590 953 lacuna

139 977 334 1024 laborans,
366 992 453 1027 quae
483 979 519 1016 in
546 979 826 1017 recentioribus
858 978 987 1016 Codd.
1015 978 1167 1016 Aldinis
1199 991 1254 1016 sc.
1273 985 1312 1015 et
1339 978 1458 1017 Coisl.
1481 981 1518 1015 1.
1540 978 1586 1014 aa

139 1053 224 1078 eam
246 1041 458 1078 orationem
479 1041 626 1079 visitur.

191 1101 375 1151 Ejusdem
389 1114 504 1152 porro
521 1102 717 1140 Orationis
733 1102 934 1139 Lectiones
949 1101 1083 1138 Varias
1100 1114 1146 1138 ex
1161 1101 1289 1139 Codd.
1301 1101 1416 1139 MSS.
1433 1101 1587 1138 desum-

137 1168 226 1212 ptas
255 1161 593 1200 subministrarunt
624 1162 874 1200 bibliothecae
907 1162 1246 1212 Cantabrigienses
1275 1162 1323 1199 ad
1354 1174 1459 1199 oram
1496 1161 1587 1198 Edi-

137 1223 253 1261 rionis
284 1224 439 1261 Aldinae
473 1223 678 1274 diligenter
706 1231 922 1262 annotatas.
979 1224 1184 1273 Exemplar
1213 1224 1377 1261 alterum
1411 1222 1587 1272 Collegio

136 1286 187 1323 D.
210 1286 364 1323 Ioannis
383 1292 611 1324 testamento
631 1299 701 1324 suo
730 1287 869 1336 legavit
891 1286 959 1324 Vir
985 1286 1258 1336 elegantissimi
1286 1285 1440 1336 ingenii,
1464 1298 1587 1334 nuper

135 1347 276 1386 Patriae
295 1348 439 1398 pariter
457 1354 497 1386 et
515 1348 677 1398 Collegii
695 1348 859 1395 deliciae,
881 1348 1094 1386 Matthaeus
1114 1348 1249 1386 Prior:
1280 1348 1441 1385 alterum
1462 1348 1499 1383 in
1522 1346 1585 1383 Βί-

135 1409 330 1447 bliotheca
349 1411 380 1448 I.
402 1410 506 1447 Mori
526 1410 714 1459 Episcopi
737 1409 898 1459 Eliensis
919 1415 1148 1455 asservatur,
1171 1422 1285 1458 quam
1315 1414 1435 1445 totam
1463 1408 1584 1445 muni-

135 1471 292 1510 ficentia
311 1486 397 1511 vere
416 1473 520 1523 regia
543 1480 581 1511 et
609 1473 839 1511 liberalitate
866 1485 1062 1521 nunqssuam
1092 1472 1184 1510 satis
1214 1471 1464 1522 praedicanda
1482 1472 1585 1509 Aca-

87 1568 91 1576 .
135 1533 274 1572 demiae
303 1534 611 1585 Cantabrigiensi
644 1534 802 1572 donavit
835 1535 919 1572 Rex
953 1534 1136 1584 Optimus
1171 1533 1362 1584 Georgius
1393 1534 1424 1569 Ι.
1480 1533 1585 1570 Huic

133 1595 294 1646 insuper
312 1596 488 1642 debetur,
508 1596 612 1645 quod
635 1597 760 1647 Lysiae
779 1595 856 1634 vita
869 1609 891 1633 a
907 1595 1098 1647 Dionysio
1115 1595 1241 1633 Halic.
1260 1594 1454 1644 descripta
1471 1601 1584 1642 atque

136 1656 250 1695 etiam
279 1663 356 1695 tres
380 1663 586 1707 postremae
605 1657 812 1696 Orationes
841 1657 984 1695 ibidem
1015 1662 1175 1695 servatae
1204 1656 1487 1701 emendatiores
1516 1656 1585 1693 ali-

137 1723 283 1766 quanto
303 1717 508 1769 prodeant.

185 1780 351 1822 ⁴Exstant
379 1786 564 1830 praeterea
596 1781 636 1818 in
665 1784 882 1819 exterorum
914 1779 1161 1818 bibliothecis
1195 1779 1323 1818 Codd.
1359 1779 1420 1816 alii
1458 1778 1583 1829 Lysiae

135 1841 254 1879 MSS.
276 1854 435 1889 quorum
465 1842 632 1891 copiam,
663 1843 815 1880 tametsi
841 1842 880 1879 id
909 1842 1043 1879 sedulo
1064 1854 1219 1892 operam
1241 1841 1345 1885 dedi,
1368 1840 1526 1877 multum
1547 1847 1583 1877 ct

132 1915 248 1953 prece
266 1909 306 1941 et
320 1904 438 1953 gratia
454 1902 603 1951 enixus,
618 1903 787 1941 nondum
805 1909 933 1941 tamen
951 1916 1175 1954 comparare
1191 1902 1315 1952 potui.
1347 1901 1583 1950 Hujusmotli

133 1971 235 2012 sunt,
264 1971 407 2015 preeter
436 1965 731 2012 Laurentianus,
760 1979 858 2014 quos
887 1965 978 2002 alibi
1010 1978 1069 2002 me
1095 1977 1337 2002 enumerasse
1359 1963 1524 2009 memini,
1547 1964 1582 1999 iu

133 2026 370 2064 bibliotheca
388 2027 644 2065 Ambrosiana
665 2026 880 2064 Mediolani
903 2027 1002 2063 Cod.
1023 2039 1183 2076 operum
1216 2025 1356 2075 Lysiae,
1384 2026 1449 2062 sed
1471 2038 1581 2062 manu

132 2088 357 2126 recentiori:
379 2088 578 2126 Caesareus
597 2087 694 2125 alius
712 2088 749 2124 in
772 2087 1011 2125 bibliotheca
1026 2086 1319 2124 Vindobonensi
1340 2087 1437 2123 iuter
1454 2085 1582 2123 Codd.

134 2149 355 2198 Philologos
375 2163 479 2187 num.
500 2154 565 2187 59.
586 2150 830 2194 chartaceus,
860 2151 898 2187 in
919 2149 988 2186 fol.
1009 2148 1192 2198 antiquus
1214 2154 1253 2185 et
1274 2149 1429 2197 optima!
1453 2154 1582 2184 notre:

136 2211 179 2247 ln
197 2210 432 2249 bibliotheca
448 2212 638 2249 Vaticana
658 2212 809 2259 tertius,
830 2211 866 2248 in
887 2210 1075 2255 Palatina,
1097 2223 1185 2260 quae
1208 2210 1336 2247 itidem
1356 2210 1488 2246 Romae
1510 2216 1582 2254 est,

133 2273 242 2311 alius.
272 2273 365 2312 Erat
383 2274 497 2311 ctiam
519 2273 557 2311 in
577 2274 813 2312 bibliotheca
835 2273 1032 2320 Wittiaua,
1053 2272 1166 2321 cujus
1187 2281 1274 2309 ante
1292 2271 1441 2320 aliquot
1462 2284 1582 2308 annos

132 2335 334 2373 distractio
353 2334 439 2381 fuit,
457 2335 588 2385 Lysias
605 2336 678 2373 Gr.
699 2335 787 2372 MS.
837 2335 889 2372 Ut
905 2335 1097 2372 orationes
1115 2333 1324 2383 singulares
1343 2339 1582 2383 praeteream,

131 2396 238 2434 verbi
266 2397 401 2447 gratia,
431 2397 593 2446 primam
620 2397 658 2433 in
688 2396 927 2434 bibliotheca
947 2396 1346 2441 Palatino-Vaticana,
1366 2407 1469 2432 num.
1490 2399 1582 2434 11’7.

132 2461 214 2495 4to.
234 2457 379 2506 priores
399 2457 495 2494 duas
518 2457 556 2494 in
577 2457 816 2494 bibliotheca
837 2457 955 2506 Regia
973 2456 1203 2499 Parisiensi;
1233 2462 1462 2505 ceterosque
1483 2469 1583 2505 proe—

131 2523 235 2556 terea
252 2518 452 2556 Orationis
473 2519 524 2555 II.
546 2517 673 2555 Codd.
697 2518 816 2554 MSS.
840 2530 1004 2566 quorum
1026 2517 1116 2554 alibi
1137 2517 1368 2554 mentionem
1388 2515 1475 2553 feci.
1508 2518 1583 2566 Ly-

131 2580 198 2617 siae
230 2579 436 2618 Orationes
465 2584 534 2618 32.
558 2580 778 2617 Sermonem
808 2578 1057 2628 Epitaphium
1086 2584 1126 2616 et
1159 2578 1354 2628 Epistolas
1373 2584 1411 2616 (ἰ,
1431 2584 1581 2615 exstare

132 2641 272 2678 Graece
292 2639 330 2677 in
352 2640 518 2691 quadam
542 2641 665 2677 Italiae
687 2639 926 2678 bibliotheca
955 2645 1154 2683 memorat,
1184 2639 1317 2677 neseio
1347 2646 1475 2676 tamen
1505 2651 1582 2687 qua

130 2700 223 2746 fide,
246 2701 459 2739 Gesnerus.
488 2702 588 2739 Nam
609 2701 658 2739 de
679 2701 862 2739 Auctoris
883 2702 1004 2738 nostri
1023 2701 1206 2751 Epistolis
1222 2701 1377 2750 integris
1399 2700 1462 2737 diu
1488 2699 1583 2735 mul—

129 2768 289 2813 tumque
321 2776 497 2813 quaerens
532 2762 626 2800 nihil
659 2776 829 2813 unquam
862 2763 957 2800 certi
991 2762 1219 2812 investigare
1251 2763 1374 2811 potui.
1434 2761 1583 2797 Horum

130 2823 247 2871 igitur
275 2825 551 2875 exemplarium
584 2837 705 2871 usum,
734 2824 765 2861 si
793 2837 869 2873 qua
903 2824 1023 2873 gratia
1057 2824 1271 2874 comparari
1302 2824 1440 2872 possit,
1471 2835 1493 2859 a
1524 2835 1582 2859 me

133 2896 388 2936 summopere,
411 2886 476 2924 sed
497 2886 651 2932 frustra,
672 2885 940 2937 efflagitatum,
961 2885 1014 2923 cis
1034 2884 1295 2923 commendari
1317 2884 1442 2933 velim,
1464 2884 1494 2921 si
1516 2884 1582 2934 qui

131 2951 221 2996 post
237 2947 386 2986 labores
406 2954 559 2986 nostros
578 2947 729 2998 Lysiam
749 2947 941 2985 edendum
959 2947 1218 2997 susceperint:
1241 2945 1401 2984 Codicis
1421 2945 1582 2983 maxime
