1819 3219
503 530 539 576 I.
592 530 762 577 OTT.
815 531 1228 580 SLUITERI

853 667 897 686 Al)

170 759 655 815 ORATIONEM
699 761 1023 817 CONTRA
1067 763 1570 820 ANDOCIDEM

695 911 1055 955 PRAEFATIO.

829 1050 912 1058 ..ι-..-

140 1143 368 1180 ORATION
378 1152 444 1180 EM
466 1142 735 1180 Andocideam
758 1142 803 1181 de
823 1142 1035 1192 Mysteriis
1060 1148 1272 1194 postquam
1294 1144 1598 1194 percensuimus,

142 1202 244 1241 haud
265 1203 335 1240 abs
353 1215 394 1240 re
413 1203 485 1240 erit
505 1203 554 1240 de
573 1202 699 1253 Lysiae
730 1204 920 1241 Oratione
950 1209 1087 1242 contra
1107 1204 1363 1252 Andocidem,
1390 1218 1479 1255 quae
1507 1218 1600 1245 con—

141 1264 260 1303 traria
279 1263 334 1300 illi
353 1263 469 1314 vulgo
490 1264 668 1310 habetur,
688 1265 874 1302 nonnulla
895 1265 1103 1315 subjicere,
1124 1272 1180 1314 ut,
1202 1280 1291 1316 quae
1319 1266 1367 1304 ad
1389 1267 1491 1304 illam
1510 1279 1601 1304 cau-

139 1339 221 1365 sam
236 1326 471 1376 pertineant,
488 1325 618 1362 onmia
633 1338 709 1363 uno
726 1326 837 1376 quasi
852 1326 890 1364 in
906 1333 1120 1378 conspectu
1136 1340 1339 1378 ponamus.
1370 1328 1603 1378 Priusquam

140 1401 232 1426 vero
258 1387 308 1425 ad
340 1387 497 1425 criticas
519 1387 873 1425 animadversiones
903 1389 1213 1439 progrediamur,
1232 1390 1281 1427 de
1302 1396 1464 1428 auctore
1486 1390 1603 1440 hujus

140 1449 340 1488 Orationis
370 1449 535 1500 propius
563 1454 622 1487 est
642 1449 875 1494 videndum3
907 1464 1022 1500 quam
1043 1450 1274 1489 Orationem
1304 1452 1417 1489 simul
1447 1465 1494 1489 ac
1514 1452 1604 1502 legi,

141 1512 361 1562 suspicatus
383 1524 465 1548 sum
492 1524 570 1548 non
599 1524 622 1548 a
650 1511 767 1562 Lysia
793 1525 877 1549 esse
907 1511 1115 1562 scriptam3
1146 1512 1331 1550 relectam
1360 1513 1504 1563 saepius
1534 1513 1602 1551 illo

141 1586 299 1625 prorsus
331 1572 529 1623 indignam
554 1572 744 1622 judicavi.
802 1573 917 1621 Nam,
939 1574 1016 1612 sive
1038 1575 1075 1612 in
1097 1574 1223 1625 Lysiae
1251 1575 1470 1614 intueamur
1496 1577 1603 1628 inge-

141 1638 261 1679 nium,
283 1636 362 1674 sive
383 1636 480 1673 hanc
500 1635 728 1673 Orationem
749 1648 837 1673 cum
859 1636 1055 1674 contraria
1076 1636 1295 1675 Andocidis
1314 1651 1602 1689 comparemus,

142 1699 182 1736 in
201 1711 286 1736 eam
303 1698 518 1736 incidamus
535 1696 809 1748 cogitationem
830 1710 988 1735 necesse
1006 1703 1079 1743 est,
1097 1711 1174 1735 non
1191 1698 1292 1736 illam
1312 1712 1334 1736 a
1354 1700 1469 1750 Lysia
1485 1699 1603 1738 fuisse

141 1760 420 1810 conscriptam,
441 1772 565 1807 neque
586 1759 624 1796 in
641 1758 713 1796 fori
734 1759 861 1796 lucem
877 1759 1126 1809 productam,
1146 1760 1212 1798 sed
1233 1760 1270 1797 in
1287 1760 1430 1798 scholae
1448 1761 1603 1799 umbra-

91 1828 96 1832 “
144 1821 244 1861 culis
270 1820 320 1859 ad
351 1820 513 1858 formam
534 1819 734 1859 Orationis
764 1820 926 1858 forensis
946 1820 1168 1867 confictam,
1199 1821 1414 1872 foetumque
1445 1824 1602 1861 Oratori

143 1890 290 1923 temere
320 1883 579 1933 suppositum.
636 1883 706 1920 Est
736 1881 838 1919 enim
870 1882 1003 1933 Lysias
1032 1883 1228 1921 constanti
1247 1889 1420 1921 veterum
1444 1884 1603 1933 judicio

142 1945 298 1984 habitus
318 1943 485 1990 subtilis,
504 1948 654 1988 acutus,
676 1943 816 1988 tenuis,
848 1944 1015 1994 elegans,
1042 1944 1209 1990 facetus,
1241 1944 1380 1991 brevis,
1411 1947 1478 1996 qui
1510 1947 1605 1985 nihil

142 2007 286 2045 habeat
306 2005 473 2043 insolens
495 2017 623 2055 neque
641 2004 832 2055 ineptum,
851 2005 1032 2043 sordibus
1052 2005 1245 2052 immunis,
1263 2006 1435 2045 veritatis
1454 2009 1604 2046 studio-

144 2082 232 2107 sus:
261 2070 302 2105 in
322 2066 543 2105 narratione
563 2067 778 2117 praesertim
799 2067 994 2113 concisus,
1026 2081 1155 2118 neque
1186 2081 1265 2105 rem
1285 2069 1492 2107 verborum
1523 2084 1603 2108 am—

145 2129 261 2180 pullis
280 2141 494 2172 exornans:
517 2128 584 2165 sed
605 2128 658 2174 id,
676 2128 781 2178 quod
805 2129 1068 2180 proposuerit,
1085 2130 1224 2167 sensim
1241 2129 1412 2168 efficiens
1434 2138 1474 2169 et
1491 2134 1603 2182 quasi

143 2190 298 2228 furtim:
327 2193 351 2210 “
368 2189 506 2226 habet'’
536 2189 717 2240 denique,
738 2195 780 2227 ut
805 2190 858 2228 ait
878 2191 1169 2234 Quinctilianus
1199 2192 1314 2240 (inst.
1336 2192 1405 2229 Or.
1427 2194 1452 2231 1.
1475 2193 1543 2232 IX.
1565 2209 1600 2232 c.

145 2255 203 2301 4.)
219 2256 245 2273 “
262 2250 464 2289 maximam
487 2251 649 2300 gratiam
670 2251 855 2301 simplicis
875 2257 992 2302 atque
1009 2252 1222 2290 inaffectati
1242 2253 1425 2291 coloris.’'

200 2314 351 2351 Harum
369 2324 458 2349 vero
480 2312 664 2349 virtutum
680 2325 886 2361 quamnam
907 2313 944 2350 in
968 2314 1040 2351 hac
1055 2314 1244 2352 Oratione
1260 2315 1385 2352 inesse
1401 2316 1603 2355 dicamus?

146 2374 462 2414 Subtilitatemne
482 2379 549 2410 aut
570 2373 825 2423 tenuitatem?
855 2377 908 2412 At
936 2388 1126 2425 nusquam
1156 2383 1360 2426 apparent.
1418 2379 1479 2416 An
1509 2381 1601 2417 sim—

145 2437 286 2489 plicem
309 2435 435 2485 Lysiae
455 2435 711 2472 narrationem
733 2435 986 2486 veritatisque
1007 2436 1207 2476 studium?
1238 2438 1314 2476 Sed
1337 2439 1422 2478 haec
1443 2454 1602 2491 quoque

144 2499 289 2539 frustra
308 2510 474 2548 quaeras.
531 2498 662 2535 Fictus
694 2497 756 2535 hic
786 2499 931 2536 Orator
958 2513 1109 2550 semper
1138 2513 1215 2538 rem
1245 2508 1373 2552 auget,
1395 2503 1601 2551 declamat,

145 2561 240 2599 nihil
258 2559 423 2610 probat:
444 2558 482 2595 iu
499 2572 616 2596 causa
637 2565 712 2597 tam
735 2559 839 2609 gravi
859 2573 986 2611 neque
1005 2562 1143 2612 Legem
1165 2562 1290 2608 affert,
1315 2577 1439 2614 neque
1461 2572 1599 2604 testem

145 2620 344 2674 producit,
365 2626 501 2657 contra
522 2633 664 2658 morem
689 2621 827 2673 Lysiae,
851 2622 932 2671 qui,
952 2622 1043 2660 licet
1062 2624 1111 2660 de
1141 2624 1375 2681 rebus-agat
1405 2626 1442 2664 in
1465 2629 1601 2678 vulgus

145 2684 263 2729 notis,
284 2695 497 2731 numquam
513 2688 640 2719 tamen
658 2682 737 2720 sine
759 2684 970 2721 testimonii
986 2684 1158 2723 dictione
1173 2699 1248 2723 rem
1266 2688 1429 2737 peragit.
1460 2689 1602 2740 Neque

148 2746 254 2783 dicat
273 2745 360 2795 quis
379 2756 454 2781 non
476 2744 662 2794 integram
684 2744 796 2782 nobis
823 2746 1052 2784 Orationem
1082 2760 1300 2797 superesse,
1331 2749 1396 2786 sed
1430 2755 1599 2789 tantum-

149 2806 265 2844 modo
295 2805 575 2855 fragmentum:
608 2805 702 2843 nihil
732 2806 833 2844 enim
863 2813 1005 2856 praeter
1036 2808 1237 2846 exordium
1269 2809 1403 2846 deesse
1424 2811 1600 2860 viderur,-

149 2881 238 2906 cum
258 2867 440 2912 narratio,
460 2866 635 2916 quamvis
654 2867 782 2905 alieno
804 2869 906 2915 loco,
926 2868 1166 2916 brevissima,
1186 2870 1378 2920 nullisque
1398 2885 1600 2922 argumen-

148 2930 198 2968 tis
218 2926 457 2976 confirmata,
477 2934 600 2980 exstet
614 2935 740 2967 tamen
754 2936 792 2968 et
805 2937 895 2980 post
908 2931 1065 2969 multam
1079 2930 1401 2970 declamationem
1416 2942 1602 2985 sequatur
