1819 3219
229 174 333 215 xviii
542 173 591 215 P.
616 173 669 216 P.
695 172 952 217 DOBREE

229 290 410 329 μκστονῖω.

275 336 350 368 145,
365 335 396 363 5.
433 332 503 364 Νοι]
532 333 598 362 haec
625 344 698 363 sana
730 332 949 373 praestiterim3

232 376 286 405 sed
305 376 361 405 hoc
377 375 485 406 videor
501 376 620 416 videre,
637 386 760 406 sensum
782 377 920 415 perverti
935 386 950 405 a

231 419 431 449 Marklando.
477 420 625 449 Poterant
645 419 729 458 nugam
753 429 834 454 esse,
850 419 894 448 ita
920 423 953 448 ut

232 467 264 490 et
292 460 353 500 ipsi
381 467 423 498 et,
452 472 531 500 quos
555 463 585 491 in
614 462 735 501 equites
763 463 952 498 retulissent,

232 504 316 534 omni
345 504 485 543 periculo
511 510 615 534 essent
644 504 749 535 soluti.
804 505 954 535 Poterant

232 547 360 587 strategi
376 548 500 586 quidem
515 547 640 587 impune
661 549 775 584 facere,
792 548 844 577 sed
863 547 904 578 ita
921 553 954 578 ut

233 590 321 620 miles
338 591 611 630 posteajudicium
629 591 760 628 subiret,
777 589 803 620 si
818 591 886 630 quis
903 602 953 620 ac·

233 640 374 671 cusaret;
398 639 489 672 atque
505 633 549 664 ita
573 634 796 678 iutelligoasi,
815 644 866 664 suo
880 636 955 675 jure

986 174 1386 217 ADVERSARIA

984 291 1042 325 usi,
1056 290 1157 321 multis
1179 292 1378 333 denegarunt,
1393 290 1461 321 huic
1489 291 1555 326 uni,
1576 292 1707 321 omnium

984 334 1199 374 indignissimo,
1215 340 1429 370 concesserunt,
1446 334 1635 372 impudenter
1648 334 1707 374 fa-

983 378 1080 412 ciunt,
1095 379 1145 416 qui
1169 379 1289 416 insuper
1310 378 1519 416 deprecantur,
1535 386 1570 406 ne
1590 386 1637 406 vos
1657 379 1705 406 in-

985 420 1076 449 vicem
1092 426 1182 450 vestro
1186 421 1262 458 jure
1277 426 1390 450 utentes
1404 420 1493 449 istum
1509 420 1706 450 ulciscamini.

985 462 1019 492 If
1040 464 1111 502 they
1130 465 1203 493 took
1228 474 1311 503 upon
1329 463 1516 493 themselves
1532 468 1564 493 to
1581 462 1623 492 let
1643 462 1705 491 him

987 505 1041 542 off,
1065 507 1138 545 they
1154 507 1232 536 have
1261 517 1299 536 no
1324 506 1408 546 right
1430 510 1462 535 to
1490 506 1549 545 beg
1575 505 1636 535 him
1664 504 1711 534 off

988 549 1061 578 here
1078 554 1143 580 too.

1035 593 1109 630 145,
1125 593 1177 623 ‘25-
1203 592 1242 623 L·
1257 589 1492 622 διακινδυνεύσειν.

732 716 845 755 XVI.
875 716 950 754 Pro
972 716 1206 755 Mantitheo.

278 794 395 824 Habita
411 798 480 833 post
501 793 733 834 expeditionem
755 793 896 833 Agesilai
921 794 951 823 iu

234 838 389 867 Boeotiam
409 837 555 878 (Olymp.
685 837 711 877 ),
738 848 772 877 p.
796 840 872 874 147,
900 841 953 869 16.

235 891 370 920 pugnam
392 881 428 910 ad
447 881 635 916 Haliartum,
651 891 682 919 p.
702 882 778 917 146,
790 882 844 910 42.
887 882 955 920 Hy-

234 924 359 963 perides
382 924 587 954 Mantitheum
610 924 763 963 quendam
783 924 954 960 accusavit,

235 967 422 1005 Harpocrat.
436 978 487 997 vv.

280 1010 317 1039 P.
335 1010 407 1046 145,
422 1011 477 1040 36.
503 1008 627 1043 ἢκακῶς
650 1013 796 1050 suspecta
815 1008 902 1047 mihi,
924 1013 956 1039 ut

235 1057 266 1083 et
282 1052 424 1082 Reiskio.

280 1097 416 1130 145,39.
434 1095 571 1131 Mallem,
581 1094 795 1134 ἦναγκασμὲνῡς
807 1093 956 1136 μετεῖχον.

280 1140 356 1175 145,
373 1142 427 1168 41.
458 1139 537 1168 Post
559 1140 614 1167 τῶν
639 1137 750 1179 ἐχθρῶν
773 1138 863 1167 deest
886 1147 956 1167 ver-

236 1182 307 1210 bum
336 1182 456 1222 (forsan
487 1182 668 1221 ἦριστευκὼς,
693 1181 752 1210 etsi
780 1181 838 1209 lino
865 1179 956 1210 nimis

235 1222 498 1264 magniloquum),
524 1230 555 1253 ut
582 1235 690 1253 sensns
716 1224 769 1260 sit,
791 1223 869 1252 (lomi
893 1233 956 1253 sum

235 1267 361 1307 μέτξιος,
385 1268 498 1297 militiae
516 1266 624 1307 fortis,
645 1265 873 1307 (ἓσ-τρατευκὲυς,
894 1267 957 1308 ἀνὴρ

235 1310 342 1349 ἇγαθὲς
353 1309 444 1343 ἐντοῖς
451 1309 770 1348 κινδύνοις-γεγενημένος,
781 1321 810 1349 p.
821 1311 895 1347 118,
906 1312 956 1340 17.

235 1352 301 1393 πρὸς
315 1355 379 1387 τοὺς
391 1351 555 1392 πῡλεμῖους,
573 1355 647 1387 185,
663 1351 735 1389 38.)

281 1396 376 1437 [124]
402 1400 476 1433 145,
493 1398 546 1426 43.
568 1395 615 1425 ’τᾶν
638 1394 664 1426 ἐν
682 1395 789 1433 Πίντῳ.
829 1393 956 1425 Minime

235 1439 371 1475 solicito,
390 1450 487 1478 neque
511 1438 616 1478 ellipsi
636 1449 716 1478 opus
741 1443 805 1467 est:
830 1439 956 1478 Satyrus

235 1481 436 1522 of'Busporus,
449 1483 605 1521 quomodo
619 1492 684 1518 nos,
695 1481 797 1519 Philip
809 1480 955 1522 nfSJmin.

236 1525 348 1555 Possis
364 1525 454 1555 etiam
470 1526 575 1554 delere
588 1524 645 1554 τίν.
691 1524 786 1554 Hunc
799 1525 956 1565 Satyrum,

235 1568 357 1608 opinor,
379 1568 506 1606 respicit
521 1567 651 1598 Photius
674 1566 902 1607 (Harpocrat.)
925 1578 955 1598 v.

236 1610 400 1641 Θευδουσία.
423 1612 567 1640 Ceterum
583 1609 740 1640 militandi
756 1620 848 1640 causa
859 1610 956 1641 ivisse

235 1654 360 1684 videtur
376 1654 579 1684 BIantitheus.

282 1698 357 1733 146,
368 1700 397 1726 1.
414 1697 478 1726 Vix
493 1697 556 1726 fieri
572 1700 686 1735 potest,
697 1693 767 1734 quin
781 1699 853 1734 post
866 1701 957 1725 ωολι·

236 1738 314 1772 τείας
329 1739 411 1769 desit
426 1738 642 1778 ἔωεδημοῦμεν,
660 1744 693 1768 ut
707 1744 807 1768 monet
821 1739 934 1770 Markl-

282 1785 356 1818 146,
374 1785 404 1812 8.
426 1782 612 1822 ammam-m
632 1782 664 1811 ἂν
687 1781 796 1811 Reisk.
819 1782 956 1820 soloeoe3

236 1828 278 1860 et,
308 1830 340 1854 ut
365 1830 456 1865 pulo,
489 1826 615 1854 barbare
644 1824 700 1863 pro
729 1823 956 1864 ἀωομουμένων.

236 1868 352 1898 Sensus
370 1878 427 1897 non
440 1868 548 1904 malus,
564 1867 589 1897 si
602 1878 698 1908 ponas
714 1866 899 1905 ἀπομνύντων
913 1867 957 1898 ἄν.

235 1911 297 1940 Sed
314 1915 398 1941 recto
409 1909 575 1940 Bekkerus
591 1921 607 1939 e
623 1910 711 1939 libris
726 1909 958 1948 ἀποδημούντων.

282 1955 356 1990 146,
372 1956 422 1984 14.
453 1953 538 1983 Male
556 1952 759 1982 Marklandus
785 1953 869 1990 capit
892 1952 957 1982 τού-

236 2007 295 2029 τοις
313 2001 343 2025 et
358 1994 475 2031 ἐκείνοις.
518 1997 589 2026 Non
607 1996 695 2032 dicit,
713 1995 809 2034 potius
824 1994 878 2031 hiS,
894 2007 957 2036 quw

234 2041 393 2076 posteriore
423 2039 484 2068 loco
513 2039 685 2074 memoravi,
715 2038 835 2074 credite,
866 2049 954 2078 quam.

234 2081 307 2117 illis,
323 2092 385 2121 quae
399 2083 516 2120 prior-<33
542 2082 609 2117 sed,
625 2082 724 2120 potius
740 2081 808 2116 illis,
823 2091 886 2120 quae
900 2093 957 2112 ⁷1on

235 2131 467 2155 memoraverunt
496 2125 673 2162 aduersarii,
699 2134 787 2164 quum
814 2124 868 2160 his,
893 2136 957 2166 quae

988 799 1234 824 memoraverunt.

1035 838 1109 871 146,
1124 839 1178 867 32.
1200 838 1255 867 ‘riv
1270 836 1370 866 κσινᾶἷν.
1405 835 1487 874 Quid
1514 836 1550 866 ad
1570 832 1725 875 rempub.¹

991 878 1014 909 si
1031 880 1101 918 quis
1117 880 1190 909 aleae
1203 884 1254 909 aut
1267 880 1338 909 vino
1350 879 1402 908 dat
1418 879 1562 918 operam?
1585 879 1648 909 Sed
1662 891 1711 909 su-

990 923 1096 962 spicor
1113 923 1236 961 oblique
1255 921 1336 961 tangi
1353 920 1532 962 συνωμοσίαν
1547 923 1710 962 quandam.

1036 967 1109 1001 146,
1125 968 1179 996 43.
1207 965 1236 995 δὴ
1254 965 1302 994 vel
1327 965 1381 994 δεῖν
1405 966 1486 996 dele.
1522 966 1581 995 Vel
1604 966 1708 1005 possis

989 1008 1152 1047 ἀσφάλειαν
1168 1010 1196 1039 δὴ
1209 1019 1275 1047 νομ.
1299 1008 1366 1037 Non
1380 1017 1457 1047 opus
1473 1014 1521 1038 est
1538 1019 1614 1038 voce
1630 1008 1710 1039 εῖναι.

1036 1055 1112 1087 147,
1131 1056 1158 1081 1.
1184 1051 1250 1090 ἔφην
1265 1049 1307 1090 τῷ
1321 1049 1468 1089 '0.jussi.
1494 1052 1576 1081 Vide
1595 1052 1709 1081 Markl.

991 1095 1044 1124 sed
1057 1106 1146 1133 quum
1159 1094 1283 1124 {rident
1296 1093 1360 1130 alii,
1371 1093 1472 1123 malim
1483 1092 1572 1125 effi.
1583 1105 1609 1124 e.
1623 1093 1709 1124 εἶπεν.

1038 1140 1111 1172 117,
1127 1140 1181 1168 24.
1205 1138 1356 1175 Compara
1380 1147 1409 1175 p.
1431 1139 1503 1172 160,
1519 1139 1571 1169 39.
1594 1137 1661 1179 (hic
1679 1148 1711 1176 p.

991 1181 1172 1219 1390172,
1187 1183 1237 1211 18.
1262 1179 1416 1210 Andocid.
1428 1190 1459 1218 p.
1477 1182 1529 1216 18,
1547 1182 1599 1210 98.
1630 1180 1709 1210 Bene

990 1234 1034 1253 me
1047 1225 1135 1264 gessi,
1157 1230 1191 1254 ut
1207 1225 1230 1253 si
1245 1223 1361 1262 quando
1377 1223 1409 1252 in
1426 1223 1500 1262 jud.
1521 1233 1650 1260 vocarer,
1663 1224 1710 1254 be-

992 1268 1083 1296 nevoli
1098 1269 1202 1296 essetis.
1246 1265 1386 1296 Solenuis
1403 1266 1565 1295 confessio.

1036 1309 1132 1350 [125]
1159 1312 1233 1344 147,
1251 1311 1304 1339 30.
1335 1308 1451 1348 τολμᾷ.
1474 1319 1588 1338 morum
1606 1308 1709 1338 crudi-

992 1357 1080 1382 tutem
1098 1357 1186 1382 vocat
1204 1352 1367 1387 Reiskius,
1382 1351 1487 1381 cruda>
1503 1351 1649 1381 orationis
1663 1362 1711 1382 ar-

991 1395 1066 1425 tifex
1085 1406 1235 1431 summus,
1255 1396 1311 1425 sed
1334 1395 1415 1424 idem
1434 1395 1480 1424 vir
1503 1395 1712 1427 acutissimus,

991 1438 1108 1468 Sensus
1122 1439 1202 1468 enim
1219 1443 1278 1472 est,
1302 1443 1336 1467 ut
1356 1438 1408 1467 ille
1424 1437 1516 1474 vidit,
1536 1438 1714 1477 ἶταμῶτεξον

990 1483 1051 1515 ’τοῖς
1067 1482 1166 1514 ἄλλοις
1179 1480 1382 1521 πξοτφὲςεται.
1406 1482 1562 1511 Lacunam
1574 1481 1622 1510 hic
1631 1491 1712 1519 pono

990 1534 1059 1554 oum
1080 1525 1207 1563 'I‘aylom
1251 1525 1328 1554 Mox
1348 1534 1378 1554 v,
1392 1525 1445 1553 34.
1469 1524 1539 1562 lege
1563 1523 1712 1564 ἀμπεχό-

989 1578 1079 1607 μενοι.
1118 1567 1271 1605 Vestitus,
1306 1567 1458 1601 incessus,
1484 1577 1560 1603 vox,
1593 1568 1709 1605 passim

990 1612 1229 1650 conjunguntur.
1273 1610 1353 1648 Quid
1372 1609 1398 1639 si
1420 1620 1477 1648 pro
1497 1609 1600 1650 τολμᾷ
1619 1619 1710 1648 repo·

991 1663 1044 1682 nas
1067 1653 1266 1696 ἰταμώτερος.)
1297 1658 1360 1682 tum
1386 1651 1488 1682 omnia
1516 1653 1619 1692 plana,
1644 1653 1710 1682 siue

989 1696 1112 1726 lacuna.

1034 1741 1108 1774 1-17,
1125 1741 1178 1770 39.
1204 1740 1289 1776 Lege
1305 1737 1377 1768 οῦδὲν
1399 1736 1572 1768 πέπαυνται
1593 1737 1635 1767 τὰ
1657 1738 1710 1772 v&

990 1791 1025 1811 vr.
1038 1782 1222 1821 πξίιττοντες.
1248 1783 1447 1810 Mutaverunt
1459 1782 1498 1810 ob
1507 1781 1710 1812 constructio-

990 1835 1072 1854 nem.
1094 1825 1174 1854 Vide
1192 1823 1353 1863 Aristoph.
1371 1824 1467 1862 vesp.
1485 1826 1582 1855 1469.

1035 1870 1110 1903 147,
1123 1871 1178 1899 40.
1202 1867 1310 1897 Malim
1324 1864 1394 1900 τινὸς
1403 1866 1548 1905 ἀξίους,υῐ
1560 1866 1591 1896 in
1606 1866 1710 1906 proxi·

991 1921 1047 1940 mae
1072 1916 1148 1940 orat.
1172 1910 1271 1940 initio.
1308 1910 1496 1940 Ultimorum
1513 1920 1623 1940 sensus
1649 1915 1710 1946 est,

991 1953 1107 1989 besides,
1130 1953 1207 1983 what
1227 1953 1331 1983 should
1354 1951 1436 1982 mat-e
1457 1963 1516 1993 you
1537 1954 1710 1994 discourage

991 1996 1066 2025 those
1090 1996 1154 2025 who
1172 2003 1221 2036 try
1242 2001 1269 2025 to
1293 1996 1389 2034 ple-ase
1407 1994 1490 2035 you?
1537 1994 1598 2025 The
1620 1995 1712 2026 whole

990 2039 1078 2079 thing
1101 2041 1123 2068 is
1144 2045 1176 2069 at
1204 2049 1280 2078 your
1303 2039 1469 2075 discretiori,
1484 2037 1613 2067 whether
1637 2038 1711 2068 these

988 2083 1151 2122 gentlemen
1179 2080 1236 2112 like
1258 2082 1281 2111 it
1305 2092 1338 2111 or
1362 2086 1422 2112 hot.
1470 2080 1645 2111 Subdubito
1671 2082 1710 2111 de

990 2125 1154 2168 ἄχθοισθε.

902 2226 1033 2265 XVII.

281 2302 380 2332 Recte
403 2301 512 2342 opinor
527 2304 635 2335 statuit
656 2305 806 2336 Reiskius
827 2317 860 2345 p.
881 2307 956 2337 588.

235 2344 357 2374 titulum
385 2357 454 2376 esse
476 2357 666 2377 communem
684 2349 755 2379 huic
781 2348 909 2379 orationi
928 2351 961 2377 et

234 2387 387 2425 proximis
401 2389 529 2420 duabus.
561 2391 670 2420 Fuerit
684 2391 746 2422 fere
763 2391 960 2430 hujusmodi:

236 2434 375 2460 ΛΎΣιοΎ
391 2437 472 2461 ΠΕΡΙ
495 2438 573 2462 ΤΩΝ
588 2439 683 2463 ΠΡΟΣ
700 2434 770 2475 (vel
787 2434 887 2472 ΠΕΡΙ)
904 2440 954 2464 To

235 2478 427 2503 ΔΗΜΟΣΙΟΝ
451 2481 702 2506 ΑΔιΚΗΜΑΤΩΝ
720 2483 841 2507 Aoi-01.
875 2478 955 2518 (Re-

237 2526 336 2545 venue
364 2517 480 2558 cases.)
512 2519 592 2548 Vide
610 2529 642 2558 p.
665 2522 807 2556 148,11.
831 2523 904 2556 149,
923 2523 954 2550 8·

245 2570 257 2584 e

236 2597 268 2620 A·
297 2596 514 2622 ΔῙΑΔῙΚΑΣΙΑ
550 2598 645 2624 ΠΡΟΣ
683 2600 784 2625 ΤΟὙΣ
826 2601 953 2626 ΣΥΝΔΙ-

233 2638 331 2663 ΚΟὙΣ
355 2640 437 2663 ΠΕΡΙ
453 2636 522 2674 (vel
538 2637 650 2675 ΥΠΕΡ)
664 2644 743 2667 ΤΩΝ
760 2645 954 2668 ΕΡΑΣΙΦΩΝ-

235 2681 308 2706 ΤΟΣ
324 2682 542 2707 ΧΡΗΜΑΤΩΝ.
581 2681 617 2709 In
632 2681 757 2718 Taylori
774 2686 953 2720 argumento

234 2719 316 2759 lege,
340 2724 349 2736 ‘
371 2720 418 2749 Ne
433 2721 528 2759 igitur
549 2726 580 2751 et
598 2723 953 2761 Erasistrati—interce-

236 2762 283 2791 dit
298 2766 411 2798 orator,
427 2763 477 2793 cui
492 2766 556 2793 -—-.’
600 2766 715 2794 Eraton
733 2766 860 2796 moritur
873 2768 954 2796 obae-

235 2810 320 2834 ratus
345 2805 472 2835 Actoris
499 2817 568 2843 avo,
599 2807 716 2837 relictis
749 2809 821 2838 filiis
851 2809 954 2839 Erasi-

236 2851 343 2883 strato,
355 2849 499 2885 Eratone,
509 2850 713 2889 Erasiphonte
723 2861 730 2887 ;
741 2862 868 2890 quornm
878 2853 954 2881 Era.

237 2889 378 2920 sistratus
402 2893 439 2921 ab
456 2892 578 2922 Actoris
602 2897 689 2932 patre
706 2893 735 2922 in
757 2895 809 2932 jus
827 2900 954 2925 vocatus

235 2937 300 2961 tota
321 2933 358 2961 de
381 2944 497 2964 sumina
513 2936 683 2966 damnatur.
727 2937 811 2975 Quid
827 2942 888 2968 tum
910 2938 953 2967 fa-

235 2980 317 3004 ctum
335 2986 391 3005 non
413 2977 520 3017 liquet,
538 2980 672 3010 oratione
689 2989 806 3011 manca.
852 2981 954 3011 Occu-

988 2300 1076 2343 parat
1109 2305 1261 2344 quaedam,
1291 2303 1352 2334 alia
1382 2315 1439 2344 per
1466 2306 1517 2343 jus
1550 2306 1711 2345 repetebat

989 2347 1100 2382 Actor,
1124 2347 1346 2379 obsistentibus
1373 2347 1586 2386 Erasiphontis
1613 2348 1709 2378 affini-

988 2392 1067 2427 bus3
1093 2397 1224 2426 mortuo,
1249 2397 1281 2422 ut
1298 2391 1433 2426 videtur,
1455 2390 1655 2427 Erasistrato,
1677 2398 1709 2422 et

989 2435 1113 2464 absente
1131 2435 1263 2464 Eratone
1288 2434 1390 2463 fratre.
1436 2434 1513 2463 Mox
1540 2433 1707 2472 publicatis

989 2476 1076 2505 bonis
1087 2477 1175 2515 hujus
1189 2477 1344 2510 Eratonis,
1357 2475 1470 2505 deinde
1479 2482 1508 2506 et
1519 2477 1707 2515 Erasiplion-

990 2520 1041 2554 tis,
1056 2530 1123 2558 quae
1142 2519 1226 2560 prius
1240 2519 1299 2548 sibi
1316 2518 1502 2555 vindicabat,
1515 2519 1590 2549 fisco
1604 2520 1706 2550 remit-

988 2562 1027 2591 tit
1039 2562 1146 2597 Actor,
1157 2568 1187 2592 et
1199 2572 1302 2592 eorum
1315 2561 1384 2591 loco
1396 2561 1454 2591 alia
1464 2561 1580 2592 minora
1591 2562 1709 2601 poscit3

989 2605 1176 2634 contendens
1193 2605 1271 2634 bona
1295 2605 1386 2634 trium
1414 2605 1539 2634 fratrum
1565 2604 1625 2634 sibi
1652 2606 1706 2635 de-

988 2648 1066 2682 beri,
1087 2649 1154 2683 sed,
1177 2647 1317 2686 quoniam
1339 2648 1400 2677 duo
1423 2648 1486 2677 sint
1506 2648 1630 2688 publice
1653 2649 1707 2678 da-

987 2691 1092 2724 mnati,
1114 2701 1145 2719 se
1171 2695 1346 2720 contentum
1370 2690 1477 2721 dicens
1498 2691 1587 2721 tertia
1607 2696 1704 2730 parte,

991 2732 1169 2762 Erasistrati
1186 2733 1410 2772 sci11cet‚cujus
1426 2735 1505 2763 bona
1521 2744 1616 2772 neque
1631 2734 1705 2764 fisco

988 2779 1089 2804 essent
1114 2775 1247 2811 addicta,
1263 2782 1292 2805 et
1309 2777 1367 2805 sibi
1394 2776 1496 2816 priore
1516 2777 1636 2815 judicio
1652 2777 1705 2807 tri-

987 2818 1071 2848 buta.
1116 2818 1167 2848 Ab
1191 2820 1287 2848 altera
1309 2823 1396 2858 parte
1420 2819 1653 2854 contendebant,
1671 2825 1706 2850 ut

987 2861 1121 2900 videtur,
1139 2862 1277 2900 Syndioi‚
1300 2861 1400 2891 omnia
1420 2863 1498 2891 bona
1514 2872 1582 2891 esse
1601 2863 1705 2892 Erasi·
1735 2870 1745 2878 ‘

986 2903 1124 2942 phontis,
1141 2905 1271 2944 ideoque
1292 2905 1432 2934 damnata
1455 2904 1593 2945 publice.
1639 2905 1704 2936 Ha·

987 2946 1051 2976 bita
1077 2947 1176 2977 oratio
1202 2951 1272 2987 post
1298 2947 1498 2978 Xenaenetum
1528 2948 1703 2978 archontem

986 2988 1055 3030 (οι.
1162 2991 1188 3032 >,
1205 3001 1237 3032 p.
1255 2993 1331 3027 148,
1348 2992 1400 3020 23.
