1819 3219
498 210 833 253 LECTIONES
869 209 1155 251 LYSIACAE.
1474 210 1552 251 115

99 322 236 358 ferunt:
262 320 440 364 Pan-ioque
457 318 582 352 similis
606 317 764 352 candore
790 318 828 350 et
856 316 1002 358 duritie,
1019 314 1141 350 minus
1168 315 1290 348 tamen
1315 314 1551 358 ponderosus,

99 378 160 422 qui
177 387 284 420 porus
301 374 488 409 vocatur.’'
534 373 628 407 Inde
643 382 707 417 pro
734 373 867 405 σελίνου
893 371 1007 416 (quod
1024 369 1115 404 nihil
1141 369 1310 413 est)1eg0
1337 371 1494 413 Σιλήνου,
1517 372 1556 403 et

98 431 256 474 intelligo
273 433 427 464 statuam
446 429 548 462 istius
564 427 636 462 Dei
653 437 701 460 ex
717 426 849 471 lapide,
868 426 930 471 qui
947 436 1054 471 porus
1071 425 1214 466 dicitur,
1233 423 1378 457 factam.
1427 424 1554 458 Ando-

94 485 197 520 cides
215 489 334 519 noster
355 485 431 529 jam
451 484 596 517 adultus
612 483 717 520 vixit,
734 482 762 515 si
780 481 860 526 quis
878 481 980 523 alius,
997 480 1107 514 vitam
1125 490 1208 513 vere
1233 480 1394 522 ἀβίωτον.
1418 488 1454 521 p.
1475 478 1554 512 105.

97 539 162 572 ult.
180 539 238 572 ed.
257 539 379 582 Steph.
430 537 626 580 Singularis
643 537 678 570 in
698 547 742 570 eo
760 536 911 569 fortunae
928 534 1183 575 inconstantia,
1202 544 1272 567 non
1299 533 1397 578 quod
1422 536 1556 566 utram-

97 603 168 637 que
187 593 388 626 alternatim
401 597 578 635 expertus
593 592 651 632 sit,
670 591 733 624 sed
752 590 847 634 quod
867 590 1051 622 adversam
1070 589 1177 622 varie.
1211 588 1291 630 Age
1305 599 1401 630 erg0,
1417 592 1457 620 ut
1474 598 1557 620 cum

97 647 257 681 Auctore
277 659 355 680 meo
373 659 393 689 a
412 659 467 680 me
491 647 683 679 emendato
709 646 853 688 loquar:
875 646 1046 686 Σκέψιισ.3ἐ
1071 643 1266 677 Ἀνδοκίδου
1292 646 1352 676 τὸν
1380 644 1471 684 βίον,
1498 644 1560 675 εἴτε

99 705 245 741 τοιοῦτος
272 705 292 742 ὴ
319 702 427 745 ἕτερός
457 703 559 734 ἐστιν.
579 711 611 743 p.
631 702 781 733 105.1·2.
830 699 1067 732 Juventuiem
1097 697 1299 741 petulanter
1324 697 1409 739 egit,
1437 699 1485 736 et,
1512 706 1560 729 ex

100 757 313 788 auctoritate
335 754 530 793 Plutarchi,
554 757 697 797 propter
728 756 919 786 nocturnas
947 752 1265 786 commessationes
1290 752 1387 783 venit
1413 752 1496 784 olim
1524 751 1561 784 in

100 810 339 853 suspicionem
359 810 652 853 Hermai-umque
671 810 963 841 obtruncatorum
991 811 1028 841 ct
1051 807 1247 850 prol'auatae
1266 804 1407 839 Cereris
1425 805 1563 847 religio-

101 863 167 897 nis.
219 864 279 897 Ex
297 876 340 897 eo
366 865 528 903 crimine,
548 875 630 897 eum
653 874 807 903 servum,
833 874 938 906 quem
967 863 1181 904 productum
1201 860 1333 893 vellent
1359 858 1562 901 adversarii,

101 918 199 952 domi
216 919 375 960 retinuit,
395 920 523 952 iterum
543 919 667 952 incidit
695 919 729 951 in
748 918 898 951 similem
928 918 1123 955 infamiam,
1142 927 1223 949 eum
1249 925 1319 948 una
1348 918 1453 948 nocte
1478 917 1562 947 ante

101 973 240 1007 exitum
259 974 393 1014 classis,
412 985 494 1018 quae
518 974 711 1007 Alcibiade
739 974 830 1006 duce
855 973 891 1005 in
912 971 1071 1005 Siciliam
1099 976 1176 1004 erat
1198 970 1420 1012 navigatura.
1438 979 1563 1002 omues

100 1027 261 1068 Hermae,
279 1029 341 1073 qui
365 1029 400 1061 in
418 1029 505 1062 urbe
524 1032 637 1068 erant,
656 1027 908 1071 dejicerentur,
927 1031 1056 1070 praeter
1078 1037 1201 1064 unum,
1219 1025 1281 1069 qui
1300 1028 1382 1058 ante
1403 1023 1563 1057 Andoci-

101 1083 316 1127 disjanuam
336 1086 426 1118 erat.
476 1084 571 1117 Haee
587 1083 800 1117 Plutarchus
817 1083 914 1115 sotus
932 1085 968 1114 et
986 1082 1182 1114 admodum
1201 1080 1421 1113 indistincte.
1466 1078 1564 1112 Prio-

101 1148 175 1171 rem
195 1138 298 1171 istam
318 1139 430 1172 αἰτίαν
447 1139 556 1171 ceteri
574 1149 698 1171 omnes
723 1138 853 1181 partim
871 1137 1051 1178 ignorant,
1071 1136 1197 1179 partim
1220 1137 1369 1177 negant·
1416 1133 1565 1175 Thucy-

102 1192 205 1226 dides
235 1193 381 1237 quidem
412 1193 506 1226 haud
526 1193 679 1225 obscure
708 1192 826 1225 innuit
842 1191 913 1226 VI.
936 1194 993 1225 28.
1022 1190 1207 1230 accidisse,
1233 1193 1273 1222 ut
1299 1192 1382 1222 ante
1409 1187 1566 1221 notabile

101 1246 198 1279 istud
216 1247 571 1291 Hermocopidarum
593 1248 731 1280 facinus
756 1246 909 1289 juvenes
927 1245 1074 1291 quidam
1093 1242 1285 1278 temulenti
1304 1243 1458 1276 Hermas
1475 1251 1566 1285 prae-

101 1300 266 1335 ciderent
288 1311 350 1344 per
376 1301 571 1335 ludibrium
590 1304 626 1334 et
643 1300 902 1345 petulantiam:
930 1300 993 1333 sed
1020 1310 1069 1332 ex
1095 1298 1257 1342 ejusdem
1281 1296 1396 1330 verbis
1421 1295 1567 1329 elicitur

100 1365 247 1399 quoque
265 1356 400 1388 nullam
422 1357 467 1389 de
493 1367 536 1389 ea
561 1367 597 1390 re
624 1356 783 1389 habitam
807 1355 918 1388 fuisse
943 1354 1196 1399 quaestionem,
1216 1352 1352 1386 nullum
1377 1349 1566 1390 indicium,

103 1410 219 1444 donec
244 1414 449 1454 erumperet
478 1411 568 1452 haec,
595 1412 669 1444 sive
694 1409 909 1448 Alcibiadis,
935 1410 1010 1442 sive
1034 1408 1252 1452 cujusquam
1280 1406 1381 1446 alius,
1401 1403 1566 1438 audacia.

106 1464 225 1497 Verba
236 1465 314 1508 ejus
328 1466 522 1509 adponam,
536 1477 578 1498 ne
592 1465 698 1498 fidem
714 1475 810 1507 aegre
827 1464 911 1497 mihi
929 1463 1206 1496 adcommodes:
1228 1462 1404 1502 Μηνύεται
1421 1457 1481 1493 οὗν
1496 1460 1567 1492 ἀπὸ

101 1521 262 1562 μετοίκων
277 1521 311 1553 τέ
329 1534 431 1553 τινων
453 1523 507 1553 καὶ
530 1520 738 1557 ἀκολούθων,
766 1521 839 1563 περὶ
863 1523 930 1552 τῶν
948 1519 1079 1562 Ἑρμῶν
1101 1518 1209 1559 οὐδὲν,
1227 1518 1345 1549 ἄλλων
1362 1516 1393 1547 δὲ
1412 1513 1568 1558 ἀγαλμά-

103 1586 171 1605 των
189 1576 367 1616 περικοπαὶ
385 1588 473 1613 τινες
501 1575 664 1616 πρότερον
688 1575 755 1605 ὑπὸ
781 1575 950 1618 νεωτέρων
967 1576 1051 1617 μετὰ
1075 1573 1210 1612 παιδιᾶς
1232 1574 1286 1604 καὶ
1312 1572 1405 1603 οἴνου
1429 1583 1568 1613 γεγενη-

101 1626 210 1669 μέναι.
260 1626 304 1659 In
326 1637 454 1668 magna
472 1627 529 1658 illa
547 1626 784 1667 trepidatione
802 1630 838 1658 et
856 1627 982 1658 timore
1001 1627 1126 1669 populi
1149 1627 1194 1657 ob
1219 1625 1378 1667 dejectos
1396 1623 1567 1663 Hermas,

103 1681 140 1714 in
159 1690 230 1724 qua
250 1680 448 1712 Alcibiadis
464 1679 624 1722 potentia
643 1679 845 1721 suspeetior
859 1685 934 1711 erat
948 1680 1068 1720 (cujus
1087 1680 1134 1711 rei
1155 1680 1334 1711 historiam
1355 1679 1471 1719 legere
1488 1687 1568 1719 pos-

106 1735 153 1767 sis
171 1734 266 1777 apud
288 1733 452 1767 Photium
473 1734 507 1766 in
524 1734 665 1767 Andoc.
687 1733 867 1766 l'lutareh.
887 1733 920 1765 in
940 1734 1061 1766 Alcih.
1081 1737 1116 1765 et
1135 1733 1254 1769 Nicia,
1274 1732 1419 1775 Lysiam
1440 1742 1470 1765 e.
1492 1731 1569 1763 An·-

105 1789 224 1823 docid.
242 1793 350 1832 atque
368 1788 513 1821 Andoc.
544 1788 660 1831 ipsum
688 1791 761 1831 περὶ
788 1789 994 1831 μυστηρίων,
1025 1787 1190 1829 Ὶ’1ιιιο)·(1.
1212 1787 1360 1819 Diodor.
1380 1784 1570 1829 aliosque),

105 1844 240 1876 crebrae
260 1843 363 1875 l'actae
381 1847 464 1874 sunt
488 1842 698 1883 delationes,
724 1852 812 1885 quas
831 1842 911 1873 tide
938 1840 1032 1882 apud
1064 1841 1204 1873 Andoc.
1234 1851 1267 1883 p.
1285 1843 1318 1873 2.
1336 1843 1370 1873 3.
1390 1850 1488 1882 seqq.
1511 1839 1569 1871 ed.

105 1897 227 1942 Steph.
276 1896 503 1930 Andocidem
527 1897 683 1940 (lenique
703 1897 819 1939 ipsum
839 1895 1021 1928 insimulat
1041 1894 1239 1932 Dioclides,
1259 1894 1343 1927 ibid.
1365 1906 1398 1937 μ.
1417 1897 1451 1927 (ἶ.
1479 1893 1571 1926 inter

105 1954 193 1986 alios
209 1951 458 1997 quadraginta,
476 1962 628 1995 quorum
649 1951 788 1994 plurimi
807 1952 1021 1993 cognatione
1041 1951 1094 1982 vel
1110 1950 1280 1982 affinitate
1304 1950 1352 1982 illi
1372 1951 1570 1981 eranteon-

99 2008 229 2051 juncti.
278 2007 441 2040 Fuerunt
461 2013 579 2039 autem
600 2007 782 2049 Leogoras
799 2005 1000 2039 Andocidi<
1019 2009 1130 2047 pater,
1146 2005 1279 2038 Callias
1296 2004 1452 2036 'l'eleelis
1472 2003 1491 2035 l'.
1509 2001 1571 2045 qui

107 2062 306 2097 Andocidis
324 2072 491 2103 sororem,
511 2073 617 2105 quam
637 2062 779 2094 unicam
800 2060 935 2099 hahuit,
955 2070 1106 2092 uxorem
1126 2059 1245 2100 duxit,
1265 2059 1480 2102 Euphemus
1495 2056 1570 2090 Το-

107 2117 207 2151 lectis
230 2117 255 2149 s.
285 2115 410 2148 Calliae
439 2115 555 2156 frater,
577 2116 788 2149 Clnnmides
814 2114 1017 2148 Aristotelis
1043 2117 1078 2146 et.
1108 2113 1285 2154 Loogmae
1313 2111 1439 2144 sororis
1465 2110 1570 2150 fitius,

108 2171 271 2204 'l’aureas
298 2170 469 2213 Leogorae
499 2170 682 2213 patrueliS,
705 2170 851 2203 Nisaeus
877 2169 1031 2201 'l‘aureae
1062 2168 1165 2206 filius,
1194 2167 1328 2200 Callias
1349 2164 1573 2199 Alemaeonis

109 2225 216 2263 filius,
246 2226 418 2267 Leogorae
449 2225 572 2258 itidem
602 2224 789 2267 pao-uelis,
807 2222 954 2267 aliique,
981 2222 1069 2256 ibid.
1089 2233 1122 2264 p.
1141 2224 1173 2256 7.
1224 2221 1282 2255 Ibi
1307 2220 1512 2253 Andocides·
1535 2219 1571 2251 in

104 2281 166 2325 jus
184 2283 333 2312 vocatus
351 2280 446 2312 ultro
464 2290 501 2312 se
520 2279 752 2313 vinciendum
775 2278 920 2317 obtulit,
940 2277 973 2310 ni
993 2287 1148 2315 sertum,
1166 2286 1273 2320 quem
1293 2285 1416 2308 secum
1436 2273 1573 2313 hahuit,

109 2347 230 2371 coram
257 2336 408 2369 sisteret.
433 2346 468 2378 p.
488 2337 567 2369 105.
586 2337 640 2369 14.
692 2336 777 2377 Res,
801 2339 842 2368 ut
865 2335 1016 2371 videtur,
1043 2333 1078 2366 in
1106 2333 1184 2374 ejus
1212 2331 1360 2365 arbitrio
1387 2331 1499 2371 stetit,
1526 2339 1572 2362 au

108 2395 184 2426 erat
199 2389 337 2434 argenti
353 2389 545 2423 aestimatio
558 2389 733 2429 facienda,
745 2400 818 2434 qua
832 2392 1015 2422 teneretur
1030 2387 1064 2420 ni
1081 2388 1233 2428 sisteret,
1252 2397 1296 2420 an
1311 2385 1461 2419 vinculis
1472 2395 1573 2418 coer-

110 2447 262 2488 cendus,
279 2457 392 2489 usque
411 2446 497 2478 dum
517 2456 656 2478 servum
679 2446 876 2488 proferret:
899 2445 956 2477 ille
975 2447 1094 2476 tamen
1114 2453 1200 2475 sana
1216 2446 1336 2476 mente
1354 2442 1574 2475 exturbatus

110 2500 258 2535 vincula
276 2501 477 2544 praetulisse
499 2500 641 2539 dicitur,
655 2510 737 2532 eum
756 2500 893 2532 interea
911 2498 1028 2537 sciret,
1046 2508 1200 2538 servum,
1217 2508 1259 2530 ne
1275 2498 1410 2530 delator
1428 2496 1538 2533 fieret,
1553 2506 1573 2527 a
1591 2501 1652 2533 692

112 2566 150 2589 se
169 2556 272 2589 morti
288 2556 397 2589 fuisse
415 2556 552 2587 datum.
606 2554 697 2587 Haec
715 2565 757 2587 co
776 2553 885 2597 paulo
904 2553 1027 2593 fusius,
1044 2553 1128 2597 quia
1146 2557 1182 2585 ct
1208 2552 1326 2585 locum
1347 2551 1397 2593 L>
1407 2550 1468 2583 siae
1492 2549 1572 2582 illu-

113 2612 236 2652 strent‚
259 2620 357 2643 meas
379 2609 428 2642 ibi
455 2608 730 2643 emendationes
747 2609 971 2649 confirment,
991 2607 1173 2641 Plutarchi
1194 2608 1350 2650 denique
1368 2608 1412 2638 de
1433 2604 1573 2638 servulo

111 2665 181 2699 isto
198 2664 396 2698 Andocidis
415 2665 534 2707 fidem,
551 2664 666 2708 qualis
684 2665 742 2703 sit,
761 2663 1047 2706 perspiciendam
1068 2662 1190 2695 lectori
1210 2661 1422 2695 exhibeant.
1472 2659 1513 2692 In
1533 2658 1575 2691 iis

113 2719 264 2753 vinculis
283 2722 363 2762 post
380 2729 513 2752 anuum
537 2719 606 2751 fere
633 2720 827 2761 integrum,
844 2718 1023 2761 proposita
1043 2716 1269 2750 immunitate
1289 2721 1423 2757 patrem
1441 2723 1574 2754 cogna-

114 2775 241 2817 tosque
257 2774 372 2806 omnis
390 2774 496 2806 simul
515 2773 700 2806 insimulat
717 2778 751 2806 et
767 2772 973 2805 absolvitur.
1006 2773 1126 2804 Senex
1143 2770 1219 2803 aliis
1236 2769 1376 2802 indiciis
1390 2769 1434 2801 de
1449 2767 1575 2800 aerario

115 2827 219 2861 factis
235 2829 386 2869 gratiam
412 2828 534 2870 populi
562 2829 704 2869 meruit,
733 2837 843 2870 seque
873 2837 986 2869 poena
1011 2826 1157 2868 eripuit,
1179 2835 1260 2867 quae
1290 2829 1428 2856 emerus
1459 2821 1576 2854 omnis

116 2882 304 2915 confestim
322 2881 487 2916 insecuta
504 2888 570 2916 est.
624 2883 714 2915 Haec
739 2881 845 2914 habet
868 2880 1028 2921 historia,
1050 2891 1131 2923 quae
1158 2879 1244 2911 dum
1274 2879 1449 2910 infirmare
1468 2876 1577 2909 vellet

118 2935 326 2970 Andocides
348 2937 384 2970 in
415 2938 601 2971 luculenta
625 2935 706 2977 ista,
722 2946 832 2980 quam
861 2945 925 2980 pro
950 2945 989 2968 se
1017 2934 1155 2974 habuit,
1175 2931 1394 2970 delens-ione,
1419 2930 1506 2964 illud
1525 2929 1576 2963 in-

117 2992 218 3024 terea
234 2991 291 3027 vel
313 3001 362 3025 ex
380 2991 492 3034 ipsius
508 2991 716 3025 testimonio
734 2993 875 3025 constat
891 3001 899 3024 ς
925 2990 1034 3024 fuisse
1054 2998 1138 3022 eum
1161 2987 1198 3020 in
1221 2986 1289 3019 ista
1307 2985 1575 3029 conjuratione:
