1819 3219
288 190 365 231 10.
398 187 658 230 TAYLORI
695 186 1029 228 LECTIONES
1063 188 1348 230 LYSIACAE.
1473 191 1528 232 95

84 297 238 330 stimme.
288 295 462 329 Veterum
479 305 523 328 ea
539 294 608 328 suit
629 293 818 339 sapientia,
837 296 876 326 ut
894 293 1117 327 Mercurium
1136 294 1268 327 Gratiis
1292 296 1457 340 πάρεδρον
1480 296 1530 330 lo-

84 353 218 391 carent,
234 349 278 390 ὥς
299 351 449 394 μάλιστα
475 352 533 384 τοῦ
558 351 663 393 λόγου
688 352 726 383 τὸ
751 349 1053 393 συγκεχαρισμὲνον
1078 350 1132 382 καὶ
1154 351 1332 392 προσφιλὲς
1348 352 1534 392 αἰτοῦντος.

85 404 265 438 Plutarch.
293 404 444 438 Dissert.
463 403 594 438 Moral.
611 403 686 437 ΙΙΙ.
733 402 919 444 Quosnam
943 414 1029 447 ergo
1055 402 1200 436 decebit
1225 403 1339 446 magis
1364 404 1409 437 ab
1436 405 1535 439 omni

83 459 278 493 acerbitate
294 459 462 493 orationis
480 460 615 501 abesse,
632 462 742 503 atque
756 459 814 503 (ut
830 460 934 493 Plato
956 460 1003 493 de
1023 459 1232 492 Xenocrate
1249 458 1358 501 dixit)
1373 463 1447 499 ταῖς
1465 463 1535 495 Χά-

82 526 151 559 ρισι
168 515 269 556 Θὺειν,
286 524 394 559 quam
411 515 447 548 in
465 514 719 549 liberalissimis
736 508 934 558 disciplinis
949 512 1134 554 enutritos,
1151 513 1187 546 in
1205 512 1313 547 literis
1331 513 1537 549 cultissimis

84 569 315 611 exercitatos,
332 570 394 614 qui
420 569 574 614 denique
591 570 627 603 in
644 570 808 603 docendo
825 570 1074 614 ssectendoque
1098 568 1258 602 animum
1283 569 1436 612 legentis
1463 580 1538 605 non

84 623 303 657 mediocrem
320 623 460 658 artificii
485 624 540 658 sui
565 628 701 668 partem
727 624 811 668 poni
828 623 1004 658 viderint?
1040 623 1162 657 Unum
1192 623 1292 667 quod
1317 622 1445 657 attinet
1459 623 1539 658 An-

85 677 208 711 dream
225 678 415 712 Schottum
433 678 747 723 Antuerpiensem,
765 679 881 723 siquid
900 690 920 712 a
938 689 994 711 me
1011 678 1290 721 intemperanter
1312 677 1417 711 nimis
1435 678 1537 712 exci⁴

85 732 149 774 dit,
168 733 285 778 siquid
309 734 387 777 ejus
410 734 448 768 in
468 735 654 779 republica
673 734 828 768 literaria
853 733 1122 768 existimatione
1146 732 1349 776 indignum,
1366 734 1430 767 aut
1456 744 1538 767 mea.

83 787 121 820 in
138 789 264 822 eadem
282 789 451 831 novitate,
469 789 600 822 habeto
614 789 652 823 id
669 799 774 822 omne
792 789 878 823 mihi
894 788 970 833 jam
989 787 1255 822 defervescente
1272 787 1416 830 ingenio
1427 791 1538 831 atque

84 840 123 874 in
139 851 177 875 se
196 842 381 881 redeunte,
399 842 489 876 serio
507 842 752 887 displicuisse:

345 941 460 968 QVAE.
488 941 567 965 Hic.
595 940 682 965 VEL.
709 939 831 964 ALIAs.
859 939 1015 964 scR1P51.
1041 939 1140 964 D1x1.
1168 938 1267 963 riter.
1557 935 1619 964 676

198 991 262 1019 Ex.
290 995 570 1021 HVMANlTATls.
596 995 756 1020 orric1o.
781 994 949 1019 SCRIPTA,
977 993 1105 1018 DicrA.
1132 994 1265 1018 FACTA.
1290 993 1427 1019 svwro.

239 1050 352 1077 QVAE.
380 1050 510 1075 secvs.
538 1049 747 1075 1NscmPTA.
775 1049 945 1074 1ND10TA.
973 1047 1145 1073 1NrecrA.
1173 1048 1389 1073 HABENTOR.

134 1128 194 1163 Ad
213 1129 357 1172 Lysiam
376 1129 496 1170 redeo,
506 1128 612 1172 eujus
628 1129 706 1161 rota
724 1129 887 1161 currente
908 1127 1138 1160 adcrescebat
1155 1128 1339 1171 ὁμωνύμων
1355 1136 1541 1160 numerus.

90 1185 305 1228 Adponatur
328 1184 449 1227 itaque
476 1195 511 1227 p.
529 1186 563 1217 3.
586 1183 642 1216 ed.
660 1183 764 1226 Tayl.
793 1181 984 1226 (XVIII.)
1010 1182 1139 1225 Lysias
1165 1182 1218 1215 bis
1241 1181 1379 1215 Ciliciae
1403 1182 1543 1215 Praeses

91 1238 157 1272 sub
175 1238 403 1272 Diocletiano
422 1237 516 1281 Imp.
546 1237 633 1271 Vid.
649 1238 789 1271 Surium
815 1238 860 1271 de
878 1237 941 1271 SS.
969 1237 1121 1270 historiis
1139 1237 1184 1270 ad
1202 1236 1299 1279 Aug.
1326 1236 1488 1269 XXIII.
1507 1238 1545 1270 et

92 1292 224 1326 Octob.
235 1292 376 1326 XXX.
404 1292 568 1326 Ruinart.
584 1292 668 1326 Act.
682 1293 818 1326 Sineer.
830 1292 1023 1337 primorum
1036 1291 1252 1335 Martyrum,
1265 1291 1546 1334 Lipomannum‚

91 1349 160 1381 etc.
181 1347 339 1392 (XIX.)
363 1348 492 1391 Lysias
514 1347 659 1382 natione
681 1349 844 1389 Graecus,
865 1349 931 1382 sub
949 1347 1075 1382 eodem
1094 1347 1323 1381 Diocletiano
1347 1349 1383 1380 et
1406 1347 1550 1380 Licinio

91 1400 210 1446 Impp.
227 1402 411 1436 Armeniae
426 1403 554 1436 finibus
571 1403 730 1436 tutandis
745 1413 827 1436 cum
843 1403 1006 1437 exercitu
1022 1403 1227 1446 praefectus.
1276 1401 1363 1435 vid.
1381 1401 1548 1436 Bolland.

92 1456 137 1490 de
153 1457 215 1491 SS.
234 1457 335 1491 MM.
355 1458 561 1491 Sebastenis
581 1457 625 1490 ad
643 1457 733 1491 Feb.
752 1458 828 1492 III.
847 1462 883 1491 et
900 1458 994 1493 alibi.
1016 1457 1150 1502 (XX.)
1176 1457 1305 1500 Lysias
1323 1456 1552 1490 Christianus

92 1521 186 1546 unus
200 1522 248 1546 ex
267 1512 528 1555 XLfidelibus,
547 1513 608 1558 qui
626 1513 829 1557 Epistolam
850 1513 954 1546 Actis
965 1513 1167 1557 Martyrum
1181 1513 1243 1547 SS.
1256 1511 1425 1552 Tarachi,
1442 1512 1552 1545 Probi

92 1569 130 1600 et
158 1566 355 1601 Andronici
386 1569 572 1612 praefixam
601 1569 916 1612 consignaverunt.
965 1568 1132 1602 Ruinart.
1162 1567 1207 1601 ad
1237 1568 1284 1601 A.
1313 1567 1355 1603 C.
1382 1564 1550 1601 CCCIV.

93 1621 240 1664 Lysiam
258 1622 403 1664 interea,
421 1623 482 1666 qui
497 1622 532 1655 in
545 1624 665 1655 nostra
681 1622 793 1655 classe
808 1622 925 1655 locum
940 1622 1078 1655 obtinet
1095 1621 1193 1655 XII.
1213 1621 1401 1664 debemus,
1420 1623 1462 1655 ut
1475 1631 1552 1654 mo-

94 1675 169 1717 nui,
187 1673 238 1718 (p.
252 1676 306 1719 2.)
337 1675 560 1718 Adagiorum
578 1676 899 1710 centuriatoribus.
932 1675 1017 1709 Vid.
1037 1676 1155 1709 Lucil.
1169 1676 1301 1710 Tarcli.
1319 1679 1389 1710 etc.
1413 1678 1499 1716 Βοῦς
1516 1677 1553 1709 ἐν

94 1733 203 1766 πόλει.
252 1732 349 1766 Nam
377 1733 405 1766 Si
431 1743 493 1777 per
519 1733 660 1773 bovem,
677 1736 718 1766 ὃν
741 1733 882 1774 ἀνέθηκε
908 1735 1034 1772 Λυσίας
1059 1734 1095 1766 ἐν
1117 1732 1326 1776 Ἀκροπόλει,
1346 1732 1554 1775 intelligunt

93 1785 205 1820 Tauri
221 1789 389 1827 statuam,
406 1797 487 1831 quae
504 1787 658 1820 Athenis
672 1787 708 1820 in
728 1789 824 1821 Arce
841 1787 1033 1829 visebatur,
1053 1787 1283 1820 vehementer
1298 1790 1426 1821 errant.
1478 1786 1553 1820 Bos

94 1839 153 1873 ille
178 1846 249 1873 non
278 1845 354 1873 erat
373 1841 508 1884 Lysiae,
531 1841 594 1874 sed
620 1842 774 1874 Senatus
803 1841 1048 1885 Areopagitici
1076 1841 1276 1874 donarium.
1322 1842 1419 1874 Ἐστι
1442 1842 1474 1874 δὲ
1500 1843 1555 1874 καὶ

93 1897 214 1938 ταῦρος
233 1895 395 1939 ἀνάθημα
412 1898 474 1936 τῆς
489 1896 620 1937 βουλῆς
637 1898 699 1936 τῆς
712 1896 877 1938 ἐνἈρείῳ
895 1896 1006 1939 πάγῳ,
1024 1896 1070 1939 ἐφ’
1083 1896 1148 1938 ὅτῳ
1163 1896 1194 1928 δὲ
1213 1896 1376 1936 ἀνέθηκεν
1395 1897 1415 1936 ἡ
1431 1897 1557 1938 βουλὴ,

97 1951 211 1982 πολλὰ
228 1950 272 1983 ἄν
286 1962 335 1988 τις
346 1949 472 1982 ἐθέλων
489 1949 621 1987 εἰκάζοι.
671 1950 827 1983 Pausan.
844 1949 960 1983 Attio.
976 1961 1008 1983 c.
1026 1951 1084 1983 24.
1135 1953 1217 1989 Βοῦς
1231 1952 1267 1983 ἐν
1281 1952 1388 1983 πόλει·
1407 1952 1556 1993 χαλκοῦς

93 2006 162 2040 ὑπὸ
179 2008 241 2046 τῆς
256 2006 386 2048 βουλῆς
402 2006 590 2045 ἀνατεθείς.
609 2004 768 2048 Hesych.
818 2005 891 2038 Sed
909 2015 979 2037 non
998 2015 1040 2038 ea
1056 2007 1190 2046 statua,
1208 2015 1330 2039 verum
1351 2005 1555 2049 prodigium

98 2061 295 2105 quondam,
321 2060 432 2104 idque
457 2071 529 2094 non
548 2060 715 2101 Athenis,
732 2060 793 2093 sed
813 2060 940 2093 Romae
957 2059 1073 2093 visum
1090 2061 1274 2104 proverbio
1293 2064 1377 2101 Βοῦς
1394 2063 1430 2094 ἐν
1447 2062 1555 2102 πόλει,

98 2116 351 2149 auctoritatem
377 2115 488 2150 dedit.
538 2116 689 2160 Procop.
718 2114 763 2149 de
790 2115 885 2148 bello
908 2115 1068 2148 Gotthic.
1086 2115 1157 2150 IV.
1183 2118 1240 2150 21.
1284 2116 1426 2161 Ἔλεγεν
1450 2114 1512 2149 οὗν
1536 2117 1554 2150 ὁ

95 2170 258 2215 Ῥωμαῖος
274 2168 384 2212 οὗτος,
399 2171 443 2210 ὡς
459 2172 558 2214 ἄρχοι
573 2171 792 2213 μὲνἸταλίας
809 2174 889 2204 ποτὲ
904 2171 1134 2214 Ἀταλάριχος
1150 2171 1166 2204 ὁ
1178 2171 1377 2214 θευδορίχου
1393 2173 1555 2216 θυγατρι-

97 2225 186 2264 δοῦς·
210 2227 302 2268 βοῶν
328 2225 359 2258 δέ
387 2239 436 2264 τις
465 2225 571 2268 ἀγέλη
600 2226 641 2265 ἐς
662 2223 820 2270 Ῥώμην
846 2226 912 2259 ὑπὸ
939 2229 1061 2258 τοῦτον
1088 2228 1149 2258 τὸν
1177 2226 1304 2269 χρόνον
1332 2225 1413 2269 ἀμφὶ
1443 2226 1556 2266 δείλην

98 2281 203 2323 ὀψίαν
226 2281 264 2317 ἐξ
288 2280 417 2323 ἀγροῦ
445 2280 514 2320 ἥκει
536 2280 588 2312 διὰ
605 2283 667 2320 τῆς
688 2281 826 2324 ἀγορᾶς,
845 2282 889 2320 ἣν
906 2281 1010 2324 φόρον
1028 2280 1174 2322 Εἰρήνης
1190 2281 1328 2312 καλοῦσι
1343 2279 1499 2324 Ῥωμαῖοι
1511 2299 1558 2305 —·

99 2335 169 2368 ἔστι
194 2334 225 2367 δέ
250 2348 300 2375 τις
322 2335 449 2378 ἀρχαία
466 2335 532 2377 πρὸ
554 2334 683 2375 ταύτης
707 2335 747 2376 δὴ
769 2338 830 2374 τῆς
853 2335 979 2379 ἀγορᾶς
1001 2335 1120 2377 κρήνη,
1144 2336 1198 2367 καὶ
1222 2335 1324 2376 βοῦς
1349 2335 1402 2366 ἐπὶ
1431 2335 1558 2376 ταύτης

99 2390 249 2432 χαλκοῦς
271 2389 384 2430 ἕστηκε
408 2388 534 2422 Φειδίου
549 2386 672 2432 (οἶμαι)
687 2391 746 2422 τοῦ
762 2389 945 2430 Ἀθηναίου
964 2392 983 2430 ὴ
1000 2390 1195 2422 Λυσίππο
1206 2402 1224 2421 υ
1247 2389 1355 2433 ἔργον.
1374 2389 1558 2432 ἀγάλματα

101 2445 167 2487 γὰρ
181 2445 220 2477 ἐν
235 2445 333 2487 χώρῳ
347 2443 458 2486 τούτῳ
477 2444 591 2475 πολλὰ
608 2443 741 2476 τούτοιν
766 2443 806 2484 δὴ
827 2446 900 2476 τοῖν
917 2443 1054 2486 ἀνδροῖν
1068 2442 1295 2486 ποιήματα-
1309 2442 1368 2474 ἕνα
1384 2442 1415 2474 δὲ
1433 2445 1557 2487 ταῦρον

98 2499 161 2541 ἔφη
179 2503 248 2532 τῶν
263 2499 417 2539 τηνικάδε
447 2499 641 2542 παριόντων
655 2499 820 2541 εὐνοῦχον
835 2501 899 2538 τῆς
914 2511 949 2531 τε
965 2497 1091 2541 ἀγέλης
1107 2498 1391 2541 ἀπολειπόμενον,
1405 2499 1458 2530 καὶ
1475 2499 1558 2530 ταὺ-

101 2567 164 2594 της
180 2553 219 2595 δὴ
239 2557 300 2594 τῆς
314 2555 441 2598 κρήνης
467 2554 752 2596 ἐπιβατεύσαντα,
778 2554 964 2597 καθύπερθε
980 2555 1061 2596 βοὸς
1078 2557 1135 2587 τοῦ
1156 2555 1284 2596 χαλκοῦ
1304 2557 1441 2593 στῆναι·
1467 2554 1555 2597 τύχῃ

102 2608 135 2641 δέ
153 2621 220 2642 τινι
237 2610 403 2653 παριόντα
427 2611 516 2651 τινὰ,
535 2611 682 2641 Τοῦσκον
699 2608 808 2651 γένος,
826 2609 942 2652 κομιδῇ
959 2610 1115 2652 ἄγροικον
1128 2608 1272 2645 δόξαντα
1287 2606 1386 2650 εἶναι,
1405 2609 1555 2651 ξυμβάλ-

102 2664 209 2697 λοντα
226 2666 264 2697 τὸ
281 2664 482 2708 ποιούμενον
499 2664 602 2706 φάναι
616 2663 691 2706 (εἰσὶ
708 2665 772 2706 γὰρ
787 2665 940 2706 μαντικοὶ
957 2666 1013 2697 καὶ
1038 2664 1083 2702 εἰς
1099 2665 1150 2707 ἐμὲ
1169 2663 1319 2707 Τοῦσκοι)
1335 2665 1378 2702 ὡς
1394 2664 1554 2704 εὐνοῦχός

105 2730 187 2751 ποτε
210 2719 389 2751 καταλύσει
411 2721 471 2752 τὸν
491 2720 642 2762 ἄρχοντα
658 2720 798 2761 Ῥώμης.
848 2717 943 2751 Haec
961 2718 1169 2762 Procopius,
1222 2717 1403 2751 Nimirum
1427 2716 1481 2749 hic
1499 2720 1554 2748 est

105 2772 164 2805 ille
181 2773 257 2815 bos,
270 2784 379 2817 quem
397 2773 577 2817 Lysippus
591 2773 778 2815 Sicyonius
796 2772 906 2815 signis
923 2773 1052 2814 clarus,
1069 2771 1130 2815 (de
1153 2782 1224 2816 quo
1247 2772 1400 2815 plurima
1418 2771 1554 2802 Pausa-

107 2826 194 2866 nias,
211 2827 357 2869 Plinius,
379 2828 506 2861 Horat.
526 2826 735 2871 Propertius
759 2827 905 2870 aliique)
920 2837 969 2860 cx
987 2837 1057 2860 aere
1074 2827 1170 2868 fecit,
1190 2836 1260 2859 non
1282 2826 1408 2867 Lysias
1428 2834 1552 2857 conse-

107 2879 229 2913 cravit.
263 2884 348 2921 Βοῦς
365 2883 487 2914 Λυσίου
504 2891 553 2915 sc.
568 2891 633 2925 pro
650 2884 734 2921 Βοῦς
751 2883 944 2923 Λυσίππου,
961 2881 1034 2915 sive
1052 2883 1092 2914 ut
1108 2880 1144 2913 iu
1158 2880 1268 2913 MSS.
1284 2878 1398 2912 Codd.
1412 2879 1554 2912 exarari

102 2951 195 2985 solet
221 2949 334 2993 Aue⁰¹'‚
350 2958 422 2995 quo
445 2954 552 2996 pacto
576 2951 738 2986 nonnulli
766 2951 883 2986 Codd.
909 2951 1031 2995 Steph.
1063 2949 1252 2994 Byzantiui
1280 2959 1344 2993 pro
1363 2949 1552 2990 Λύσιππος,
