1839 3229
228 189 308 232 156
785 181 820 232 I.
852 191 1117 235 TAYLORI

227 308 297 331 non
314 297 521 338 contentus,
541 307 613 342 qua
631 296 754 331 Heidii
771 298 966 332 editionem
981 300 1115 342 beavit,
1133 301 1252 334 locum
1270 301 1380 335 istum
1398 302 1635 346 asperrimum
1651 301 1689 335 in

225 355 316 388 orat.
331 364 362 386 e.
376 352 611 387 Theomnest.
631 363 664 397 p.
677 355 757 387 353.
776 353 827 387 ita
844 354 950 397 legit:
978 357 1107 389 Οὐκοῦν
1128 357 1261 389 ἄτοπον
1278 358 1322 389 ἂν
1335 358 1384 398 ε’ίη
1398 359 1470 391 τὸν
1485 358 1691 401 φεύγοντα

224 409 397 454 φάσκοντα
428 409 637 454 ἀνδροφόνον
669 407 767 452 εἶναι,
801 409 931 446 δεῖξαι
964 414 1029 443 καὶ
1067 412 1259 456 ἀπολογῆ
1270 425 1346 454 σαι,
1376 412 1427 445 ’ότι
1453 413 1469 445 ὁ
1496 413 1622 446 διώκων
1647 412 1692 452 ὡς

224 465 351 498 ἔκτεινε
364 464 573 508 διωμόσατοῑ
594 466 630 496 et
645 465 767 496 statim
786 474 848 506 pro
866 467 1078 510 κατηγορίας,
1098 466 1182 509 legit
1202 469 1470 511 κακηγορίας,
1485 472 1522 500 et
1535 477 1600 511 pro
1619 464 1691 501 εἶπέ

224 520 276 559 τίς
293 532 340 559 σε,
358 520 524 553 εἰπόντι
550 532 603 551 σε.
656 518 761 551 Idem
780 517 848 551 IV.
865 521 900 552 9.
927 530 990 562 pro
1014 521 1180 564 Αἴδηψον,
1201 532 1233 565 p.
1255 524 1334 556 108.
1355 532 1439 566 quae
1456 522 1523 555 fuit
1540 521 1591 554 H.
1611 522 1692 554 Ste-

223 573 333 618 phani
359 573 668 618 importunissima
685 572 910 615 conjectura,
926 579 1081 609 veterem
1105 576 1299 610 lectionem
1320 587 1462 610 mecum
1481 587 1528 610 ex
1544 576 1691 620 Thucy-

223 628 308 664 dide
326 629 525 663 confirmat.
578 628 709 662 Cetera
732 628 843 662 habes
869 628 942 662 suis
968 631 1001 663 in
1028 631 1129 666 locis.
1178 631 1347 666 Pahnerii
1372 631 1529 676 denique
1545 631 1690 665 veniam

222 687 360 719 oratam
379 685 500 726 velim,
518 683 581 728 qui
597 694 706 717 voces
723 685 876 729 Πωρίνου
896 686 1035 719 Σελίνου
1054 686 1088 719 iu
1105 686 1308 720 Andocidis
1322 686 1411 720 Vita
1423 697 1467 720 ex
1483 685 1692 729 Plutarcho,

222 749 280 773 me
298 739 494 780 nesciente,
509 739 770 783 expediverat:
799 740 859 774 cui
880 740 990 783 igitur
1007 741 1151 774 laudem
1172 742 1314 786 resigno
1335 753 1428 775 meae
1452 734 1690 785 conjecturae,

221 806 305 839 quae
322 795 453 838 legitur
469 795 594 828 harum
610 794 828 828 Lectionum
845 805 926 840 cap.
942 798 976 829 5.
1028 795 1100 828 His
1118 795 1226 838 igitur
1240 798 1358 830 valere
1371 796 1495 840 jussis,
1512 797 1635 835 restat,
1650 797 1692 829 ut

221 853 341 884 cetera
358 860 563 895 persequar,
582 860 664 894 quae
686 849 801 883 habeo
826 851 992 884 dicenda.
1044 850 1089 884 Iu
1109 851 1272 883 oratione
1289 862 1319 884 c.
1339 852 1582 886 Pancleonem
1600 849 1692 894 fugi-

217 905 335 940 tivum
354 916 498 939 servum
515 905 648 939 dicitur
664 907 709 945 εἰς
725 908 786 940 τὸν
803 909 938 951 χλωρὸν
955 908 1068 950 τυρὸν,
1086 916 1121 949 p.
1138 908 1219 938 733.
1235 906 1270 937 2.
1290 904 1314 938 i.
1326 914 1357 938 e.
1376 907 1421 938 ad
1439 906 1574 939 Forum
1592 903 1693 939 Casei

218 962 378 1002 recentis,
397 963 517 995 locum
532 972 582 994 sc.
601 961 665 994 ubi
681 972 813 995 venum
829 962 1012 1001 darentur,
1025 961 1150 994 Attico
1167 959 1311 992 dicendi
1328 970 1458 1003 genere
1472 964 1510 994 et
1521 960 1691 1003 eleganti.

217 1017 310 1051 Poll.
330 1017 404 1051 IX.
422 1019 458 1051 5.
510 1018 646 1060 Βιβλία·
665 1019 749 1050 οὕτω
772 1020 833 1051 τὸν
853 1019 974 1058 τόπον,
1000 1014 1040 1051 οὗ
1064 1013 1106 1050 τ’·(ὶ
1131 1016 1253 1058 βιβλία
1276 1016 1305 1048 οἱ
1323 1016 1474 1054 ,Ἀττικοὶ
1500 1017 1690 1060 ὠνόμαζον.

216 1073 328 1117 ὥσπερ
345 1075 495 1112 καὶτοὺς
511 1075 639 1113 ἄλλους
664 1075 791 1112 τόπους
813 1074 847 1106 ἐκ
869 1078 937 1106 τῶν
962 1071 1257 1115 πιπρασκομένων,
1282 1071 1326 1111 ὡς
1347 1072 1376 1104 εἰ
1398 1074 1508 1115 φαῖεν,
1527 1073 1690 1112 ἀπῆλθον

216 1129 274 1167 εἰς
291 1125 461 1171 τοῦψον,
481 1131 535 1162 καὶ
552 1130 608 1168 εἰς
631 1132 703 1162 τὸν
728 1127 859 1167 οἶνον,
885 1131 939 1160 καὶ
963 1128 1019 1166 εἰς
1041 1127 1252 1168 τοῦλαιον,
1277 1129 1332 1160 καὶ
1352 1128 1409 1167 εἰς
1427 1129 1500 1166 τὰς
1517 1128 1689 1171 χύτρας,

215 1186 269 1216 καὶ
298 1186 384 1217 κατὰ
411 1187 472 1218 τὸν
502 1185 666 1223 Εὔπολιν,
685 1185 868 1225 περιῆλθον
893 1183 950 1221 εἰς
975 1184 1022 1214 τὰ
1048 1183 1221 1225 σκόροδα
1247 1185 1301 1216 καὶ
1331 1184 1379 1216 τὰ
1404 1184 1609 1227 κρόμμυα,
1633 1183 1689 1216 καὶ

216 1241 288 1272 τὸν
313 1241 555 1282 λιβανωτὸν
580 1241 635 1271 καὶ
662 1240 738 1271 εὐθὺ
762 1237 961 1281 ἀρωμάτων,
991 1239 1045 1270 καὶ
1067 1240 1141 1281 περὶ
1165 1239 1208 1270 τὰ
1235 1239 1353 1282 γέλγη.
1404 1238 1455 1271 Et
1475 1241 1528 1272 10.
1550 1239 1604 1271 ll.
1649 1237 1690 1270 Οἱ

213 1292 359 1326 Ἀττικοὶ
377 1295 447 1327 ἀπὸ
462 1297 529 1326 τῶν
541 1292 825 1337 πιπρασκομένων
839 1293 892 1324 καὶ
911 1293 953 1324 τὰ
971 1293 1079 1335 χωρία
1097 1293 1286 1335 ὠνόμαζον·
1299 1293 1468 1336 λέγοντες,
1483 1293 1528 1332 εἰς
1544 1289 1686 1334 τοῦψον·

215 1351 269 1382 καὶ
290 1350 334 1388 εἰς
355 1352 397 1382 τὰ
418 1351 507 1394 μύρα
529 1352 583 1382 καὶ
603 1350 648 1387 εἰς
666 1352 726 1382 τὸν
743 1351 878 1393 χλωρὸν
896 1349 1011 1392 τυρόν·
1031 1351 1085 1382 καὶ
1103 1349 1147 1387 εἷς
1163 1351 1206 1382 τὰ
1220 1349 1432 1393 ἀνδράποδα.
1482 1349 1542 1382 Ita
1559 1348 1687 1382 AEsch.

215 1414 246 1437 c.
273 1404 456 1438 Timarch.
475 1416 508 1448 p.
532 1404 628 1437 Edit.
650 1404 827 1447 Steph.9.
880 1405 936 1442 Τίς
957 1406 1021 1447 γὰρ
1042 1405 1134 1447 ὑμῶν
1158 1406 1194 1443 ’ὸς
1214 1406 1252 1437 οὐ
1281 1406 1418 1437 πώποτε
1443 1405 1501 1443 εἰς
1526 1401 1686 1447 τοῦψον

214 1460 350 1503 ἀφῖκται
374 1462 428 1493 καὶ
448 1462 510 1499 τὰς
532 1459 691 1499 δαπάνας
712 1462 773 1498 τὰς
797 1459 927 1491 τούτων
945 1461 982 1492 οὐ
1006 1460 1228 1503 τεθεώρηκεν;
1249 1458 1380 1493 Alexis
1399 1458 1570 1493 Comicus
1586 1457 1686 1502 apud

213 1514 434 1549 Athenaeum
450 1515 471 1548 Ι.
490 1518 525 1549 3.
544 1525 578 1559 p.
597 1525 644 1548 m.
663 1516 721 1548 53.

496 1606 573 1642 Τοῖς
594 1603 829 1646 ι’χᾶυοπώλαις
845 1602 938 1635 ἔστιν
956 1602 1197 1646 ἐψηφισμένον,

489 1659 551 1697 ’Ὡς
569 1665 659 1701 φησι,
680 1660 818 1700 χαλκῆν
835 1658 1108 1701 Καλλιμέῖοντος
1125 1659 1237 1691 εἰκόνα

496 1716 626 1753 Στῆσαι
645 1714 937 1753 Παναθηναίοισιν
955 1714 998 1745 ἐν
1023 1716 1111 1752 τοῖς
1135 1713 1309 1756 ἰχθύσιν

487 1770 664 1812 ’Ἑχουσαν
681 1770 792 1802 ὀπτὸν
810 1769 964 1814 κάραβον
981 1770 1017 1802 ἐν
1038 1772 1079 1812 τῇ
1095 1768 1194 1813 δεξιᾷ.

212 1849 395 1892 Aristoph.
414 1848 532 1892 vesp.
546 1849 627 1882 784.

493 1928 698 1972 -ὃραχμὴν
715 1928 783 1971 μετ’
801 1930 878 1972 ἐμοῦ
897 1930 1015 1971 πρώην
1031 1929 1152 1970 λαβὼν

492 1983 623 2016 Ἐλθὼν
640 1983 854 2027 ὅιεκερμάτιζέ
873 1983 905 2026 μ’
923 1984 965 2015 ἐν
991 1986 1080 2022 τοῖς
1105 1983 1288 2026 ἰχθύσιν.

212 2086 268 2116 σχ.
289 2072 334 2106 acl
352 2072 419 2105 loc.
439 2074 475 2105 ὲν
492 2075 562 2111 τοῖς
579 2072 819 2115 ἰχθυοπώλαις,
838 2071 909 2104 ἀπὸ
926 2075 993 2104 τῶν
1008 2071 1234 2115 πωλουμένων
1252 2073 1329 2110 τοὺς
1346 2072 1547 2109 πωλοῦντας
1563 2071 1680 2105 εἰπών.

214 2128 269 2161 Id.
288 2127 360 2162 AV.
380 2129 435 2160 13.

488 2207 531 2240 'H
552 2207 642 2240 ὂεινιὶ
660 2207 707 2240 νὼ
726 2207 880 2251 δέδρακεν
899 2207 958 2239 binc
975 2210 1058 2240 τῶν
1075 2206 1235 2250 ὀρνέων

491 2263 527 2294 Ὸ
546 2264 790 2302 πινακοπώλης
809 2262 1018 2306 Φιλοκράτης
1041 2262 1280 2306 μελαγχολῶν.

214 2364 271 2395 σχ.
317 2353 430 2390 Οὕτως
446 2353 563 2395 ἔλεγον
581 2354 634 2386 καὶ
652 2354 707 2385 ἐπὶ
725 2356 792 2384 τῶν
818 2353 947 2390 τόπων,
975 2352 1054 2383 ἀντὶ
1079 2352 1148 2386 τοῦ,
1177 2349 1439 2392 ὀρνεοπωλείων.
1465 2347 1509 2386 ὡς
1531 2351 1599 2380 τῶν
1614 2361 1678 2391 χυ-

131 2403 194 2433 '721
213 2411 312 2452 τρῶν,
335 2408 413 2439 ἀντὶ
437 2411 506 2447 τοῦ,
534 2408 806 2451 χυτροπωλείων.
860 2406 920 2439 Ita
941 2404 1104 2447 Hesych.
1158 2404 1298 2448 Χύτριιι,
1325 2404 1368 2436 τὰ
1395 2404 1612 2446 χυτροπώλια
1640 2402 1680 2446 (Ι.

213 2462 475 2506 χυτροπωλεῖα).
498 2462 549 2495 Et
565 2463 600 2495 in
618 2463 744 2505 Ἰχθῦς.
772 2462 919 2495 Ἀττικοὶ
937 2462 977 2494 τὰ
995 2460 1222 2503 ι’χθυοπωλεῖα
1238 2459 1367 2502 ἔλεγον.
1393 2456 1447 2490 ld.
1467 2457 1558 2491 Han.
1573 2459 1678 2492 1103.

352 2550 428 2594 Κςῖν
446 2553 552 2583 ταῦτα
569 2550 678 2593 λέγων
695 2549 893 2591 ἐξαπατήσῃ
912 2550 1022 2591 παρὰ
1048 2549 1143 2586 τοὺς
1168 2548 1290 2589 ἰχθῦς
1315 2545 1536 2592 ἀνέκυψεν.

213 2654 268 2682 σχ.
319 2640 417 2682 Παρὰ
434 2641 475 2671 τὰ
492 2639 717 2680 ἰχθυοπώλια.
745 2639 782 2669 τὸ
801 2636 831 2668 δὲ
851 2638 1002 2668 τοιοῦτον
1018 2636 1183 2669 Ἀττικόν.
1235 2635 1384 2672 Εὔπολις

456 2756 462 2761 .
493 2727 679 2769 Περιῆλθεν
698 2726 755 2763 εἰς
773 2727 816 2756 τὰ
834 2725 1013 2767 σκόροδα
1031 2727 1082 2757 καὶ
1103 2726 1144 2756 τὰ
1162 2725 1360 2767 κρόμμυα.

212 2798 534 2843 1d.Equit.1371.
746 2782 751 2787 '

492 2882 562 2913 Ποῦ
578 2879 664 2918 δῆτα
682 2878 886 2917 Κλεισθένης
905 2876 1072 2920 ἀγοράσει,
1091 2877 1143 2907 καὶ
1164 2875 1333 2917 Στράτων,

492 2937 539 2967 Τὰ
560 2933 709 2976 μειράκια
724 2933 817 2964 ταιίτὶ
835 2931 921 2973 λέγω
939 2931 1001 2963 τὰ’
1015 2944 1035 2962 ν
1064 2933 1117 2972 τῷ
1135 2929 1245 2972 μύρῳ

486 2989 528 3022 “A
549 2991 768 3032 στιιιμυλεῖται
785 2987 889 3020 roca&
906 2986 1089 3029 καθήμενα.
