1901 3244
273 171 386 224 608

856 181 1172 224 ΛΥΣΙΟΥ

273 290 312 342 ἓν
338 291 402 357 τῷ
429 288 563 342 oio-ret
589 313 828 360 γενομενοις
853 293 980 355 φίλον
1005 293 1233 368 προσ-ήκειν
1260 318 1366 347 εινοιι
1401 298 1555 349 τοῦτον
1579 328 1659 343 2-
1677 298 1726 349 ου’
1741 314 1769 348 5

271 387 362 431 «γαρ
388 361 571 428 ‘rigatae-ev
600 389 656 423 ως
684 364 847 424 αὐτους
876 365 1023 418 ἐλθεῖν
1059 366 1370 428 κινδυνεύοντας
1395 401 1467 407 --
1491 369 1604 439 μήτε
1631 381 1725 430 τοῖς

272 460 348 489 τον
367 438 559 512 Πειραιοῖ
581 439 949 499 καταλαβουσιν·
974 437 1078 492 οὐδὲ
1085 464 1174 509 ’γαρ
1201 440 1368 501 τούτοις
1391 440 1585 505 ἠθέλησε
1607 466 1723 511 ‹ruy-

271 512 577 574 κοιιτελθεΐν,Ι

292 681 302 701 ¹
325 682 398 723 φησὶ
411 682 439 713 δὲ
452 682 502 713 καὶ
518 682 585 723 (καὶ
600 691 660 712 om.
677 681 732 721 A.)
746 683 845 712 ταῦτα
856 683 896 713 Τ.
911 683 952 713 R.
966 683 1004 713 A.

269 749 346 792 οὖχῖ
353 759 490 780 cernere.
504 760 564 789 quo
591 748 726 779 admisso
750 749 815 789 leg.
836 749 894 779 erit
908 755 979 780 aut:

269 789 306 822 ὄν
320 793 406 833 (scil.
422 792 561 833 πολιτῶν)
577 792 639 833 οὗχῖ
653 793 717 825 τοὺς
731 791 839 833 ἑτέρους
852 810 895 816 -—
911 799 980 823 aut:

270 834 335 875 οὒχι
355 837 409 875 γὰρ
420 846 484 870 τους
497 834 614 874 ἒτέςους.
630 844 688 864 non
703 837 777 865 enim
793 835 897 865 alteros
909 836 979 876 (seu

270 880 416 913 urbanos,
429 888 485 907 seu
500 878 624 908 exsules
649 887 665 906 e
683 877 832 917 Piraeeo),
850 879 899 908 sed
917 889 979 908 am-

270 919 329 958 bos,
343 925 379 949 ut
391 924 515 955 constat,
529 920 671 958 prodidit.
695 918 815 951 Rmsx.

314 960 383 991 Oii‘r'
393 961 415 991 εί
431 972 496 995 τους
510 961 617 1002 έτέςους
640 960 711 992 ἀλλ’
729 961 907 1002 ἇμφοτέξους
921 969 978 1001 φοι-

269 1002 339 1042 νεςός
354 1001 419 1033 ἐστι
436 1004 565 1044 προδοὺς]
588 1006 624 1034 In
647 1005 837 1043 Marg.A1d.
856 1006 979 1035 diversa

269 1045 363 1075 lectio
376 1051 498 1077 notatur
513 1047 536 1076 εἰ
552 1047 581 1077 οὗ
598 1058 662 1080 τους
677 1047 796 1088 ἑτέρους,
812 1048 892 1076 unde
915 1048 978 1077 effi-

269 1098 340 1117 cere
349 1088 461 1127 possis,
472 1089 640 1127 antiquitus
650 1089 797 1128 scriptum
808 1090 977 1125 exstitisse,

269 1128 330 1159 ἐπεὶ
346 1130 373 1159 οὗ
385 1132 450 1164 τοὺς
465 1130 584 1169 ἑτέρους,
600 1132 733 1170 alioquin
750 1128 912 1170 legendum
930 1133 976 1160 vi-

269 1172 361 1201 detur
376 1173 403 1202 οὖ
418 1175 472 1212 γὰρ
487 1174 553 1206 τοὺς
567 1171 689 1212 ἑτέςουςι
714 1174 772 1202 hoo
794 1173 875 1203 enim
891 1173 976 1203 dicto

267 1214 380 1254 prioris
409 1215 548 1244 redditur
574 1216 664 1244 ratio.
719 1215 815 1244 Addit
843 1216 973 1245 Orator.

265 1257 342 1286 ὥστε
357 1256 434 1295 μήτε
451 1258 512 1291 τοῖς
531 1256 556 1286 ἓν
571 1257 615 1295 τῷ
629 1257 713 1286 ἄστει
730 1256 882 1295 γενομένοις
897 1258 976 1296 φίλον

266 1296 412 1338 πξοσήιὶειν
430 1296 493 1328 εῖναι
513 1299 609 1328 τοῦτον
619 1299 664 1339 (οὐ
679 1298 733 1337 71³⁶?
745 1298 857 1337 ἠξίωσεν
872 1300 907 1332 ὡς
924 1300 975 1329 αὖ·

265 1342 331 1374 τοὺς
345 1340 439 1370 ἐλθεῖν
452 1340 680 1381 κινδυνεύοντας),
689 1342 768 1379 μήτε
779 1342 839 1375 τοῖς
851 1339 897 1370 τόν
910 1347 975 1371 Πει-

265 1385 331 1423 ςαιᾶ
346 1382 570 1418 καταλαβοῦσιν,
584 1383 642 1413 οὐδὲ
667 1384 721 1423 γὰρ
735 1383 844 1417 τούτοις
858 1382 973 1415 ἐθέλησε

265 1425 490 1462 συγκατελθεῖν
511 1426 582 1464 φησὶ
598 1425 626 1455 δὲ
644 1426 692 1454 καὶ
708 1427 808 1456 ταῦτα.
827 1426 876 1455 καὶ
890 1425 975 1462 αὐτὸς

265 1467 415 1507 γενόμενος.
455 1469 532 1497 Haec
562 1468 667 1497 multis
690 1468 876 1506 conjecturis
906 1473 973 1499 ten-

265 1515 338 1546 tata,
364 1515 464 1540 tamen
489 1510 535 1540 ita
557 1515 734 1540 manserunt
755 1515 912 1550 corrupta,
939 1515 974 1541 ut

264 1552 428 1582 etiamnum
455 1562 524 1582 esse
548 1552 702 1582 videmus.
746 1552 825 1582 Mihi
850 1554 919 1582 duae
942 1552 972 1583 in

263 1599 396 1624 mentem
411 1599 558 1624 venerunt
568 1594 747 1624 emendandi
760 1594 820 1625 viae
834 1606 841 1624 :
866 1599 898 1625 et
907 1595 973 1635 pri-

264 1646 346 1666 mum
363 1636 498 1675 quidem,
515 1637 540 1666 si
557 1637 626 1675 φησὶ
648 1642 696 1667 est
711 1637 920 1673 retinendum,
938 1649 973 1668 ea

264 1679 353 1709 nobis
373 1683 442 1709 nata
463 1684 511 1709 est
535 1679 686 1719 suspicio,
710 1680 857 1709 lectorem
881 1691 973 1720 quen-

263 1721 334 1751 dam
350 1721 480 1760 margini
497 1722 568 1751 libri
584 1722 633 1752 sui
651 1722 877 1762 adscripsisse:
901 1723 973 1762 φησὶ

263 1762 292 1793 δὲ
307 1764 462 1794 κάνταῦθα
483 1763 531 1793 καὶ
551 1763 636 1798 αὐτός
655 1765 810 1804 γενόμενος,
829 1766 878 1796 vel
900 1766 972 1804 φησι

263 1804 293 1835 δὲ
319 1808 419 1836 ταῦτα
441 1807 489 1836 καὶ
513 1806 599 1841 αὐτὸς
622 1805 861 1847 ποιςαγενὸμενοςτ
899 1809 973 1838 dicit

262 1853 362 1878 autem
384 1848 445 1879 hoec
467 1847 584 1888 Lysias,
600 1855 635 1879 ut
652 1852 703 1890 qui
717 1857 745 1880 et
758 1852 817 1889 ipse
827 1850 972 1880 exsulibus

263 1891 297 1919 in
319 1891 430 1920 Piraeeo
449 1890 582 1931 affuerit,
605 1892 688 1930 quod
711 1903 729 1921 e
751 1893 972 1922 Pseudo-Plu-

263 1933 360 1962 tarchi
371 1934 418 1962 vel
432 1933 613 1972 antiquioris
624 1935 782 1973 cujusdam
789 1935 861 1964 Vita
871 1936 972 1973 Lysiae

263 1974 470 2005 intellexerat.
516 1975 638 2014 Lysiam
663 1977 772 2013 fuisse,
796 1977 828 2006 in
852 1977 973 2006 Piraeeo

263 2020 294 2046 et
305 2021 458 2046 strenuam
473 2018 635 2047 exsulibus
645 2018 677 2047 in
693 2019 904 2058 recuperanda
916 2029 972 2057 pa·

263 2059 322 2088 tria
337 2069 466 2089 navasse
482 2070 616 2098 operam,
633 2061 754 2090 abunde
770 2061 877 2091 docuit
891 2061 973 2100 Tay-

262 2101 347 2131 lorns
363 2101 394 2130 in
408 2102 479 2131 Vita
498 2103 610 2142 Lysiae.
634 2103 713 2132 Haec
725 2107 826 2133 autem
841 2104 971 2133 fortasse

263 2143 294 2173 in
309 2145 443 2181 margine
456 2149 558 2174 notata
572 2145 685 2175 deinde
699 2145 780 2175 inter
795 2146 864 2184 ipsa
879 2147 971 2175 verba

261 2187 396 2216 auctoris
409 2192 477 2217 sunt
493 2187 682 2226 interposita.
712 2188 773 2217 Vel
786 2188 812 2217 si
830 2188 898 2226 quis
915 2188 971 2218 hoc

262 2229 350 2264 nolit,
373 2234 404 2259 et
420 2230 513 2259 verba
528 2230 581 2259 illa
602 2230 761 2260 retinenda
774 2234 875 2269 putet,
891 2231 970 2260 forte

263 2271 456 2300 scribendum
473 2272 570 2311 φημῖ;
593 2278 623 2302 ct
643 2276 758 2303 eaetera
777 2273 896 2308 eodem,
910 2283 970 2312 quo

262 2313 410 2349 diximus,
422 2315 514 2344 modo
531 2319 599 2344 sunt
621 2315 822 2349 emendanda,
838 2318 871 2344 ut
885 2320 971 2345 actor

263 2354 346 2385 dicat
361 2366 395 2385 se
411 2366 533 2396 quoque
550 2358 581 2387 in
603 2357 726 2387 Piraeeo
746 2357 857 2399 fuisse,
871 2368 970 2397 neque

262 2397 340 2427 adeo
367 2399 423 2428 hac
443 2399 482 2428 de
506 2410 539 2428 re
564 2404 660 2429 testes
684 2401 878 2439 producere3
901 2411 969 2440 quae

262 2440 450 2478 conjectura,
476 2451 535 2480 quo
556 2451 589 2471 se
609 2447 740 2478 tueatur,
764 2443 845 2473 illud
864 2444 970 2478 habet,

263 2483 346 2520 quod
366 2483 396 2512 in
421 2484 523 2514 Codd.
540 2484 641 2514 Paris.
665 2490 695 2515 et
711 2486 828 2515 Veneto
850 2495 909 2515 non
922 2486 969 2515 le-

262 2530 351 2564 gatur
366 2525 436 2565 <pne-i
446 2527 499 2555 sed
513 2534 563 2566 φη.
573 2536 666 2565 quum
682 2538 722 2557 ex
732 2528 781 2557 his
793 2528 823 2557 in
837 2529 970 2567 Stepha-

261 2567 360 2597 nicam
376 2568 542 2599 editionem
567 2569 695 2599 fluxisse
717 2570 860 2600 videatur
887 2570 969 2609 φησὶ,

262 2610 346 2648 quod
371 2611 410 2640 ab
433 2610 547 2641 Aldina
579 2612 678 2641 abest.
723 2613 772 2641 Ex
797 2614 835 2651 φῆ
868 2618 968 2642 autem

262 2652 370 2682 eodem
382 2654 452 2691 jure
464 2653 616 2692 effingitur
631 2653 719 2693 φημὶ,
734 2664 770 2683 ac
784 2654 863 2694 φησί.
899 2655 969 2685 Non

262 2704 349 2733 nego
357 2699 455 2725 tamen
467 2696 597 2734 priorem
610 2698 812 2734 conjecturam
825 2699 967 2736 majorem

262 2737 336 2766 mihi
352 2736 457 2767 videri
465 2739 577 2769 habere
590 2738 723 2778 speciem
733 2740 884 2776 veritatis,
898 2740 969 2779 quia

262 2789 336 2809 mox
361 2781 397 2810 ad
428 2782 633 2811 confirmanda
662 2791 710 2817 ea,
738 2792 806 2821 quae
834 2782 967 2819 dixerat,

262 2826 361 2852 testes
373 2824 526 2861 producit.
550 2824 719 2855 Suu-mn.

306 2866 394 2905 Φησὶ]
422 2868 492 2896 Hoc
507 2869 633 2897 νεὼυη]
650 2867 729 2905 apud
746 2866 820 2896 Ald.
837 2866 945 2896 deest'
937 2877 967 2896 m

262 2907 414 2937 lacunula.
459 2910 489 2939 Si
507 2909 603 2948 igitur
628 2910 732 2947 Stepb.
753 2909 892 2948 γενόμενος
913 2920 968 2939 ex-

262 2950 364 2988 posuit
396 2961 451 2989 per
483 2951 701 2993 παραγενόμενος
731 2952 831 2992 (quod
866 2956 965 2982 tamen

593 535 674 563 και
701 535 856 563 ταυτα.
887 510 945 570 ὡς
975 530 1080 575 φησι
1106 537 1184 566 και

174 605 253 640 880
268 581 416 655 μέντοι
427 609 476 637 τι
493 608 620 660 μερος
637 585 835 660 περίεστι
858 609 944 637 των
962 600 1169 639 πολιτων

1171 513 1184 534 x
1217 515 1387 574 2οἷο-τος
1411 514 1650 586 γενόμενος.
1687 516 1725 569 εἶ

1187 586 1241 639 301
1259 613 1305 641 ‘rt
1326 614 1409 642 Των
1429 612 1574 641 αυτων
1587 591 1725 659 μετε-

1146 684 1161 704 2
1180 684 1317 719 αὖτόςΤ.
1331 687 1370 716 R.
1387 686 1425 717 A.
1572 686 1586 706 ³
1607 686 1651 718 ὅτι
1663 688 1702 718 ’.Γ

1016 749 1137 780 duriter
1153 750 1271 781 dictum
1293 751 1370 793 est),
1389 752 1507 783 rectius
1530 752 1722 791 reposuisset

1015 793 1110 832 φύσει.
1157 795 1255 823 Locus
1277 794 1352 824 satis
1378 795 1518 826 vitiosus.
1562 796 1649 825 Haeo
1667 795 1720 826 ubi

1014 836 1044 865 in
1053 835 1221 874 specimine
1236 837 1339 875 operis
1351 838 1485 876 suscepti
1498 841 1719 868 commentatus

1014 888 1109 914 eram,
1125 876 1328 909 submonuere
1344 879 1402 910 viri
1413 880 1604 910 celeberrimi
1620 881 1719 910 sanari

1012 931 1105 960 posse
1122 921 1170 952 vel
1186 922 1244 951 hoc
1256 922 1347 951 modo
1362 933 1369 951 ε
1385 922 1507 961 scafam-i
1523 921 1551 952 δὲ
1562 922 1719 952 καὶταῦτα

1011 961 1097 993 καθ’
1110 963 1214 993 αὑτὸν
1229 963 1378 1003 γενόμενος.
1388 964 1459 995 vel:
1474 964 1560 1003 ’ἑο-τι
1577 964 1605 994 δὲ
1620 967 1719 996 κατὰ

1012 1008 1110 1035 ταῦτα
1126 1006 1173 1035 καὶ
1185 1006 1303 1040 ιιῗτιοζ
1315 1006 1466 1045 γενόμενος.
1480 1007 1528 1036 vel
1544 1007 1673 1045 deniqne
1684 1012 1718 1037 ut

1013 1048 1060 1077 vir
1076 1049 1165 1087 longe
1180 1049 1353 1078 maximus:
1377 1049 1405 1078 οὐ
1420 1051 1475 1089 γὰρ
1487 1048 1630 1086 ἧξίωο-εν“
1616 1061 1651 1082 ως
1665 1050 1717 1079 αὔ-

1010 1090 1076 1123 τοὺς
1100 1089 1188 1120 ἐλθεῖν
1202 1091 1398 1124 κινδυνεύοντας
1412 1109 1455 1114 -
1469 1090 1529 1121 οὐδὲ
1546 1109 1589 1114 -—
1609 1090 1719 1126 τούτοις

1010 1131 1135 1162 &Simas
1147 1132 1372 1169 συγκατελθεῖν,
1377 1134 1424 1162 καὶ
1435 1134 1534 1163 ταῦτα
1543 1133 1592 1162 καὶ
1603 1134 1621 1161 ἄ
1630 1145 1678 1162 στ
1686 1132 1719 1167 ὃς

1010 1174 1159 1212 γενόμενος.
1176 1175 1335 1207 Tarson
1381 1176 1498 1205 Nescio
1513 1175 1586 1215 qnid
1601 1175 1716 1216 γενόμε-

1009 1226 1050 1249 νος
1067 1217 1154 1252 velit,
1170 1217 1229 1246 nisi
1244 1218 1408 1256 legendum
1429 1218 1470 1247 sit
1484 1218 1715 1258 παραγενόμενος.

1009 1258 1057 1286 sed
1086 1265 1113 1288 et
1139 1260 1197 1296 ipse
1219 1268 1342 1297 praesens
1365 1260 1422 1289 hoec
1452 1267 1562 1300 qnoque
1578 1261 1715 1300 vfatetur.

1011 1301 1064 1328 MA
1073 1311 1230 1331 RKLAND.
1267 1302 1351 1330 Loco
1363 1302 1434 1331 huic
1446 1303 1610 1341 desperato
1626 1313 1715 1341 quam

1008 1343 1190 1372 medicinam
1207 1343 1378 1379 adhibeam,
1392 1344 1471 1373 haud
1495 1344 1629 1374 invenio.
1644 1344 1716 1384 φησὶ

1007 1393 1066 1412 non
1082 1385 1121 1414 de
1137 1395 1191 1414 suo
1207 1385 1335 1423 largitus
1349 1389 1396 1415 est
1414 1386 1599 1424 Stephanus,
1614 1387 1667 1416 sed
1683 1387 1714 1416 in

1007 1426 1116 1456 codice
1140 1428 1267 1466 reperit,
1292 1427 1433 1457 fortassis
1456 1428 1522 1464 illo,
1546 1429 1598 1467 qni
1623 1429 1716 1459 ho'die

1008 1475 1182 1499 asservatur
1210 1470 1240 1498 in
1266 1470 1366 1507 Regia
1391 1471 1531 1500 Parisina
1561 1481 1590 1500 n.
1619 1473 1714 1502 2944.

1008 1513 1096 1549 cujus
1121 1521 1180 1551 ego
1203 1512 1396 1542 collationem
1419 1512 1451 1542 iu
1472 1512 1580 1542 libello
1597 1513 1714 1543 varian-

1006 1552 1082 1583 tium
1103 1554 1142 1584 ad
1158 1554 1236 1583 hanc
1251 1554 1416 1584 orationem
1435 1555 1586 1584 interdum
1600 1555 1714 1595 allego.

1005 1605 1074 1625 uam
1096 1596 1126 1626 in
1151 1607 1188 1626 eo
1211 1598 1319 1626 codice
1343 1598 1408 1627 sola
1431 1597 1496 1627 haec
1515 1597 1719 1636 Lysiaeamm-

1007 1637 1140 1669 omnium
1152 1639 1274 1678 legitur.
1286 1639 1339 1669 ille
1351 1640 1450 1669 codex
1465 1639 1568 1679 itaque
1584 1640 1644 1670 h.l.
1657 1650 1714 1670 ex-

1006 1680 1091 1711 hibet
1103 1689 1152 1721 φη.
1163 1682 1242 1712 idem
1257 1691 1376 1721 quoque
1389 1693 1406 1712 e
1417 1683 1536 1712 Veneto
1552 1683 1713 1713 Bessario-

1006 1723 1053 1752 nis
1081 1724 1218 1754 enotavit
1240 1724 1409 1755 Zanettius.
1462 1725 1513 1755 Sic
1533 1731 1634 1754 autem
1661 1736 1713 1756 ex-

1006 1775 1092 1796 arare
1119 1767 1218 1796 solent
1242 1767 1360 1797 librarii
1385 1767 1486 1797 Graeci
1505 1777 1612 1798 vocem
1629 1767 1710 1807 φησί.

1006 1809 1135 1839 Constat
1150 1809 1200 1838 hic
1216 1809 1355 1840 lacunam
1370 1811 1509 1840 subesse.
1532 1810 1652 1840 Rmsx.

1058 1851 1089 1880 Εἴ
1116 1851 1231 1892 μέντοι]
1271 1851 1431 1882 claudicat
1469 1852 1577 1887 oratio,
1614 1862 1713 1890 neque

1005 1895 1145 1932 profecto
1158 1894 1381 1924 Hellenismum
1393 1894 1485 1933 sapit.
1529 1894 1611 1931 Quid
1630 1894 1712 1924 euim

1006 1936 1134 1965 monstri
1151 1944 1199 1967 est
1212 1937 1289 1966 illud
1304 1934 1439 1976 μετέσχε
1455 1935 1547 1975 τούτῳ
1562 1946 1618 1974 pro
1634 1933 1713 1971 οὗτος

1004 1976 1152 2019 μετέσχε,
1163 1979 1236 2017 quid
1247 1981 1302 2008 τῶν
1309 1978 1401 2008 αὐτῶν
1414 1978 1485 2017 μετ’
1500 1976 1619 2007 ἐκείνων.>
1642 1980 1712 2017 Age

1005 2024 1118 2050 autem.
1142 2022 1210 2060 Ego
1225 2026 1321 2051 totum
1332 2021 1361 2050 h.
1375 2021 1396 2049 l.
1411 2021 1584 2058 expediam,
1597 2030 1637 2050 ne
1652 2031 1712 2050 una

1006 2062 1129 2100 quidem
1152 2063 1274 2093 literula
1299 2062 1481 2092 sollicitata.
1474 2074 1481 2080 ·
1510 2062 1534 2091 εἲ
1557 2061 1656 2101 μέντοι
1680 2074 1711 2092 τι

1004 2103 1089 2144 μέρος
1104 2104 1230 2145 περίεστι
1245 2107 1302 2135 τῶν
1315 2107 1453 2141 πολιτῶν,
1468 2103 1492 2141 δ’,
1505 2115 1536 2134 τι
1550 2107 1607 2135 τῶν
1620 2105 1713 2135 αὐτων

1004 2147 1141 2187 μετέσχε
1165 2148 1258 2185 τούτῳ
1281 2148 1476 2188 πραγμάτων,
1513 2146 1584 2187 μετ’
1610 2146 1718 2177 ἐκείνων

1005 2206 1048 2211 -
1063 2187 1201 2221 βουλεύειν
1221 2189 1353 2230 ἀξιούτω.
1383 2191 1541 2220 ΤΑῩιοη.
1568 2190 1713 2220 Obscu-

1005 2241 1039 2260 ra
1062 2236 1133 2261 sunt
1151 2233 1217 2262 haec
1244 2243 1283 2262 ex
1312 2232 1436 2262 defectu
1459 2231 1711 2262 Distinctionnm.

1004 2273 1130 2304 Scribe:
1167 2274 1191 2311 δ’,
1207 2285 1238 2305 τι
1264 2277 1320 2305 τῶν
1342 2275 1435 2305 αὐτων
1457 2272 1594 2315 μετέσχε
1618 2274 1713 2314 τούτῳ

1004 2317 1201 2356 πραγμάτων,
1226 2316 1299 2356 μετ’
1322 2316 1434 2353 ἐκείνων,
1462 2316 1508 2346 ἐάν
1527 2326 1599 2347 ποτε
1620 2315 1651 2358 (ὃ
1667 2318 1711 2355 μὴ

1004 2358 1123 2400 γένοιτο)
1138 2359 1253 2392 λάβωσι
1270 2361 1320 2390 τὴν
1329 2360 1423 2396 πόλιν,
1433 2358 1570 2393 βουλεύειν
1579 2357 1711 2398 ἀξιούτω.

1003 2402 1028 2431 si
1039 2412 1097 2441 qua
1117 2403 1214 2443 igitur
1227 2407 1317 2432 restat
1336 2404 1445 2432 civium
1465 2412 1549 2440 pars,
1564 2411 1627 2441 quae
1640 2411 1711 2431 ean-

1004 2444 1067 2473 dem
1082 2454 1149 2474 cum
1164 2444 1214 2474 hoc
1230 2445 1359 2474 Philone
1364 2444 1532 2485 factionem
1548 2449 1647 2473 secuta
1660 2444 1710 2478 sit,

1004 2496 1072 2516 cum
1083 2486 1154 2522 illis,
1164 2488 1189 2516 si
1203 2488 1320 2526 quando
1329 2486 1423 2527 (quod
1437 2486 1491 2516 Dii
1499 2485 1673 2524 prohzbeant
1681 2484 1711 2526 l)

1003 2529 1133 2558 civitatis
1146 2531 1275 2569 regimen
1285 2529 1474 2567 susceperint,
1488 2528 1630 2558 senatorio
1643 2537 1709 2557 mu-

1003 2580 1071 2601 nere
1070 2570 1240 2611 funffatur
1286 2570 1453 2611 Λαμβάνειν
1466 2571 1516 2600 τὴν
1524 2569 1607 2599 πόλιν
1621 2568 1710 2599 vide-

1004 2617 1054 2643 tur
1069 2614 1126 2644 hoc
1140 2614 1208 2644 loco
1224 2613 1397 2652 significare
1413 2622 1518 2642 curam
1531 2612 1646 2650 reipub.
1650 2622 1717 2642 5η--

1003 2657 1119 2694 scipere,
1130 2655 1582 2695 rempublicam*administrare,
1598 2654 1655 2684 nisi
1660 2653 1708 2684 de

1004 2699 1206 2736 occupatione
1219 2708 1275 2737 per
1286 2700 1344 2727 vim
1362 2698 1425 2726 baec
1448 2697 1622 2735 intelligere
1644 2706 1708 2727 ma-

1004 2741 1062 2770 vis.
1083 2742 1169 2770 Orat.
1183 2741 1262 2771 ΧΙΙ.
1278 2740 1333 2769 ubi
1348 2739 1388 2769 de
1403 2739 1463 2773 τοῖς
1479 2739 1595 2768 XXX.
1608 2739 1709 2778 loqui-

1002 2786 1068 2812 tur:
1093 2781 1269 2816 λαέόντες
1283 2784 1338 2822 γὰρ
1353 2784 1409 2815 τὶς
1422 2783 1516 2822 ἀρχὰς
1526 2781 1573 2810 καὶ
1584 2781 1708 2812 τὴνωὸ-

1001 2831 1072 2859 λιν,
1089 2824 1262 2864 ἀμφοτέροις
1288 2823 1454 2863 ἐπολέμουν.
1508 2825 1604 2859 Infra,
1628 2833 1708 2862 poue

1001 2868 1154 2897 minimam
1164 2867 1388 2897 distinctionem
1400 2872 1472 2906 post
1483 2867 1551 2906 ὑμῖν
1561 2864 1708 2910 ἀποδείξας

1003 2910 1223 2940 MARKLAND.

1044 2954 1104 2981 Τῶν
1119 2952 1256 2992 πολιτῶν]
1279 2952 1313 2981 Si
1337 2952 1417 2990 quod
1436 2952 1535 2982 adhuc
1556 2951 1640 2982 aliud
1657 2937 1708 2981 su-
