1819 3219
260 192 425 235 ΥΠΕΡ
468 189 605 232 Tor
646 186 1175 233 ΕΡΑΤΟΣΘΕΝΟὙΣ
1216 191 1466 234 ΦΟΝΟΎ.
1513 180 1614 234 163

157 303 266 364 ὧςτε
301 328 376 356 τον
409 303 635 395 χείριστον
668 305 754 354 τῶν
786 301 933 354 αὕτων
968 302 1215 373 τυγχάνειν
1260 305 1324 368 τῷ
1357 305 1611 371 βελτίστῳ

113 400 139 434 6
157 401 308 440 ουτως,
336 376 373 428 ὠ
393 374 564 466 οὶνὸρες,
593 398 761 437 ταυτην
795 375 876 435 τήν
899 375 984 462 όβρ
988 402 1024 425 ιν
1044 374 1249 433 ἅπαντες
1274 374 1501 447 ἄνθρωποι
1529 375 1658 429 dea-5

154 450 341 513 νοτοίτην
378 451 609 517 ἦγουντοιι.
653 472 764 542 περι
790 445 868 518 μὲν
894 448 962 501 οὐν
988 471 1065 500 του
1091 449 1302 517 μεγέθους
1341 450 1420 510 τῆς
1447 449 1614 543 &fuae

150 522 376 585 ἅπαντας
411 525 529 596 ὖμοῖς
564 523 725 594 νομίζω
760 521 838 585 τῆν
872 522 1011 585 αὕτῆν
1046 520 1291 576 ὃιοὲνοιοιν”
1271 547 1408 590 εχειν,
1436 548 1515 576 κοιι
1542 525 1612 576 ου’-

152 599 252 652 diva
298 597 458 659 οὕτως
471 598 692 694 ὄλιγωρως
732 595 1076 661 ὃιοικεῒσθοιι,“’
1050 622 1171 658 οςτις
1211 595 1352 650 οἷἐτοιι
1387 596 1468 650 δεῖν
1494 622 1612 665 συγ-

150 699 326 747 ’γνωμης
359 673 669 745 τυγχάνεινη

149 773 236 801 των
271 748 475 802 τοιούτων
503 772 644 838 εξνγων
669 748 853 808 οιῖτιους·

704 674 868 767 μικρᾶς
895 672 1059 746 ζημίας
1092 670 1308 738 οἷξῖους
1282 697 1464 739 ἠ’γειτοιι
1510 697 1612 733 τους

1233 746 1316 769 ⁴3¹2!

892 750 1087 818 ’ἠγοῦμαι
1127 746 1186 810 δε,
1222 774 1252 800 ω
1282 746 1444 842 ανδρες,
1482 773 1614 801 TOUTO

146 847 205 894 με
227 821 309 876 Sem
334 822 578 889 επιδεῖξοιι,
611 848 667 882 ως
701 821 925 895 ἐμοίχευεν
953 824 1264 917 ’Effaeroo’Gevm
1299 822 1377 885 τῆν
1411 834 1611 890 γυναῖκα

104 908 130 945 7
149 897 227 954 τῆν
254 897 377 970 εμῆν,
426 923 506 951 και
533 898 713 992 ἓκεινηην
721 923 770 952 τε
799 896 1010 966 ὃιεφθειρε
1050 923 1128 950 nou
1164 922 1267 957 τους
1308 895 1476 958 παῖδας
1509 923 1611 958 τους

151 997 283 1043 εμους
308 974 476 1045 ᾔσχυνε
517 999 596 1027 και
637 998 713 1045 εμε
749 997 885 1026 οιυτον
926 971 1139 1068 ὕβρισεν
1143 996 1202 1032 εις
1246 997 1326 1029 τἠν
1361 998 1503 1025 οικιοεν
1530 973 1609 1036 τήν
1628 985 1679 1019 10

146 1046 251 1117 εμῆν
289 1073 449 1113 εισιων,
490 1074 569 1102 nou
595 1046 696 1100 οὐτε
739 1046 948 1142 εχθροι
931 1073 1025 1116 εμοι
1060 1071 1307 1116 κοιιεκεινῳ
1336 1047 1489 1119 ουὲεμ
1468 1073 1517 1100 ιοι
1539 1048 1610 1141 τΙίἷρν

145 1122 274 1184 πλὴν
300 1149 483 1187 ταυτης,
523 1121 622 1176 οὐτε
649 1124 897 1199 χρημάτων
937 1146 1063 1175 ενεκοι
1104 1120 1284 1191 επροιξοι
1329 1146 1501 1186 ταυτα,
1538 1148 1611 1175 ινοι

188 1239 249 1267 Τῶν
266 1239 374 1281 αὐτῶν]
414 1239 550 1271 Subaudi
576 1237 698 1269 δικαίων.
737 1241 860 1270 Rmsx.

144 1280 282 1312 ΛυοΕη.

185 1325 359 1366 Τυγχάνειν]
408 1326 558 1365 Scaliger,
577 1326 602 1355 si
620 1326 646 1355 is
663 1326 862 1361 fuit,adscri-

142 1367 208 1405 psit
222 1370 388 1410 λαγχάνειν.
434 1370 494 1399 Sed
510 1370 636 1409 vulgata
659 1370 737 1399 bene
758 1371 861 1401 habet.

142 1410 263 1440 Rsslsx.

185 1455 313 1507 Ταύτην]
354 1455 428 1486 Scil.
443 1455 473 1486 ἢν
496 1454 551 1494 ἐγὼ
578 1456 621 1486 νὶἷν
644 1454 786 1497 &fimo-pean
812 1455 862 1485 και

143 1497 207 1537 περι
226 1510 256 1531 ης
276 1509 319 1528 νυν
335 1497 520 1540 ἀγωνίζομαι.
542 1510 604 1538 quo
620 1500 664 1534 fit,
680 1501 730 1530 vel
748 1501 860 1529 factum

144 1544 202 1575 est,
219 1546 252 1570 ut
267 1552 371 1572 omnes
386 1543 536 1578 homines,
554 1544 643 1580 hanc,
656 1543 695 1572 (le
712 1554 772 1582 qua
782 1553 861 1572 nuuc

144 1583 257 1620 agitur,
297 1585 512 1615 contumeliam
547 1586 681 1615 omnium
715 1587 861 1615 duxerint

145 1626 378 1658 atrocissimam.
400 1629 508 1658 IDEM.

186 1670 243 1703 Τῆς
259 1668 378 1712 ζημίας]
418 1672 484 1700 11110
510 1681 582 1700 vero
604 1673 656 1705 τ’ἤς
680 1670 794 1710 ὕβρεως,
809 1672 857 1701 ν51

144 1712 330 1753 παρανομίας.
382 1714 487 1744 Sensit
508 1715 599 1744 etiam
621 1715 785 1754 interpres,
805 1726 859 1743 ex-

142 1756 258 1793 pressit
282 1762 376 1786 certe.
409 1758 515 1788 IDEM.
564 1758 632 1786 Non
667 1762 761 1787 recte.
807 1758 859 1787 Sic

143 1797 224 1827 enim
240 1799 382 1838 procedIt
397 1806 519 1829 orator:
544 1800 654 1841 injuria
670 1802 708 1830 de
724 1811 783 1839 qua
793 1801 858 1839 agi-

142 1843 193 1869 tur
208 1842 346 1880 graviter
356 1843 458 1882 puniri
469 1843 560 1872 debet
573 1843 599 1872 si
615 1854 688 1873 vere
698 1843 784 1873 illata
796 1848 861 1881 0513

142 1885 226 1923 atqui
253 1896 324 1915 vere
344 1885 430 1915 illata
455 1890 518 1923 est3
542 1885 576 1915 id
592 1886 673 1925 quod
699 1897 771 1916 mox
786 1896 857 1925 pro-

142 1927 215 1957 bare
226 1927 369 1965 intendit,
386 1929 508 1969 ἡγοῦμαι
525 1927 554 1958 δὲ
570 1940 598 1959 κ.
615 1941 644 1959 τ.
658 1935 688 1959 λ.
704 1931 841 1960 Aucssn.

185 1969 310 2012 Αἶτίους]
350 1973 426 2007 Εο5,
443 1983 460 2002 a
476 1973 587 2012 quibus
612 1972 789 2003 istiusmodi
807 1974 857 2002 fla-

143 2012 218 2053 gitia
238 2015 481 2054 proficiscuntur.
530 2016 659 2054 Colligit
682 2017 750 2046 sic:
784 2017 859 2046 Cer-

141 2060 205 2086 tum
219 2062 278 2094 est,
292 2059 437 2095 moechos,
452 2059 554 2098 poenis
567 2059 679 2098 dignos
693 2070 773 2095 esse,
790 2070 858 2098 quae

142 2105 269 2138 possunt
299 2102 469 2141 excogitari
499 2103 715 2133 acerbissimae.
772 2103 858 2143 (De-

141 2145 325 2174 monstravit
346 2146 491 2175 hactenus
515 2147 592 2175 hanc
610 2146 807 2185 positionem,
826 2150 859 2176 ut

141 2186 236 2225 vulgo
251 2193 411 2227 usurpant,
422 2191 577 2228 majorem.
571 2188 596 2230 .)
617 2191 684 2220 Jam
696 2190 859 2220 subsumit:

142 2229 205 2258 Sed
231 2231 448 2262 Eratosthenes
471 2233 610 2262 moechus
638 2238 695 2262 est.
719 2233 751 2262 id
776 2233 859 2272 qnod

142 2276 209 2301 tota
221 2274 349 2304 docetur
360 2275 508 2305 oratione.
553 2277 645 2306 Unde
658 2277 736 2306 ultro
752 2287 859 2306 conse-

142 2315 259 2354 quitur,
273 2321 357 2348 recte
379 2324 494 2348 sumtas
517 2317 611 2348 fuisse
628 2320 665 2349 ab
687 2330 725 2349 eo
741 2330 859 2360 poenas.

145 2359 263 2390 RExsl(

186 2400 364 2455 Ἐμοίχευεν]
390 2405 467 2442 Leg.
479 2402 656 2445 ἐμοίχευσεν.
679 2404 786 2436 CONT.

187 2443 302 2477 Ἐκείνην
316 2458 349 2477 τε
360 2446 508 2488 διέφθειξε]
534 2448 598 2477 Hic
621 2448 733 2485 obiter,
749 2448 858 2488 paucis

145 2488 260 2524 verbis,
278 2491 333 2519 sed
350 2491 491 2520 rotundis
506 2495 538 2520 et
558 2491 709 2527 nervosis,
726 2492 857 2521 511011ῃί-

144 2534 238 2561 tatem
264 2537 296 2562 et
319 2534 489 2564 soeditatem
516 2535 606 2574 hujus
623 2535 731 2573 flagitii
755 2535 857 2571 docet,

145 2579 177 2603 et
191 2585 246 2605 cur
261 2577 398 2607 moechus
417 2578 528 2617 dignus
550 2578 601 2613 sit,
626 2578 656 2607 in
681 2588 769 2617 quem
798 2583 859 2608 tam

145 2619 282 2655 graviter
305 2621 574 2651 animadvertatur.
620 2621 754 2660 Injurias
777 2621 857 2651 enim

146 2661 219 2691 t'acit
234 2667 265 2692 et
279 2663 401 2693 mulieri
417 2663 490 2704 ipsi,
505 2674 595 2703 quam
611 2669 718 2704 stupro
735 2665 859 2704 polluit,

123 2704 126 2707 '
146 2708 176 2733 et
190 2705 299 2736 marito
315 2708 392 2745 ejus,
403 2712 434 2737 et
448 2708 555 2737 liberis
571 2718 674 2738 eorum
691 2707 859 2737 communi—

148 2746 215 2776 bus.
261 2750 427 2781 Mulierem
453 2751 543 2787 enim,
564 2761 653 2790 quam
675 2751 857 2790 corrumpit,

148 2788 251 2826 docet,
276 2803 364 2831 quem
382 2793 522 2824 maritum
544 2804 645 2824 amare
668 2795 801 2824 debehat
825 2800 856 2825 et

147 2812 305 2864 amandum
327 2841 430 2866 sancte
452 2842 623 2877 receperat,
649 2848 717 2867 eum
742 2838 858 2872 odisse,

147 2885 258 2905 arcana
278 2879 343 2915 53115
358 2881 502 2918 prodero,
532 2881 695 2910 ridiculum
720 2882 758 2910 ad
780 2881 857 2910 alios

148 2918 260 2951 facere
273 2920 407 2952 minuere
423 2923 520 2961 ipsius
529 2934 592 2953 rem
608 2923 799 2960 familiarem,
813 2924 858 2954 fu-

147 2961 222 2998 rari,
252 2962 404 3002 sicamque
428 2967 517 2995 uxori
540 2966 570 2996 in
590 2968 731 3006 jugulum
756 2967 856 2997 mariti

149 3004 261 3042 tradit,
283 3007 431 3037 rescindit
445 3009 599 3039 vinculum
615 3011 810 3047 matrimonii,
819 3011 849 3040 in

895 1238 985 1279 culpa
1000 1243 1059 1274 est,
1072 1241 1107 1267 ut
1123 1248 1201 1267 uxor
1217 1247 1235 1266 a
1249 1237 1359 1267 marito
1372 1237 1508 1266 fraudem
1520 1236 1612 1267 intel-

894 1282 934 1311 liu
921 1286 1010 1321 gente
1023 1286 1075 1312 aut
1086 1281 1279 1320 repudietur,
1291 1285 1342 1310 aut
1357 1281 1435 1310 male
1451 1285 1611 1316 tractetur,

898 1330 930 1354 ut
953 1325 1132 1364 ignominia,
1154 1329 1185 1354 et
1201 1324 1330 1363 penuria
1345 1334 1446 1354 rerum
1462 1323 1610 1360 omnium,

896 1374 927 1398 et
939 1369 1011 1398 odio
1037 1369 1163 1408 publico
1179 1367 1378 1408 opprimatur,
1401 1367 1532 1406 denique
1556 1378 1611 1407 pe-

897 1416 974 1441 stem
997 1412 1059 1451 ipsi
1081 1417 1249 1442 extremam
1278 1410 1455 1441 consciscit.
1509 1411 1557 1440 Ita
1573 1411 1612 1440 (15

896 1455 1026 1485 muliere
1041 1459 1176 1484 meretur
1188 1455 1228 1490 is,
1241 1454 1292 1493 qui
1308 1464 1373 1483 eam
1385 1464 1402 1483 a
1417 1464 1450 1483 se
1460 1454 1556 1483 amari
1569 1454 1611 1484 si-

896 1499 1002 1533 mulat,
1018 1499 1072 1528 sed
1097 1498 1141 1528 ita
1168 1502 1260 1537 amat,
1277 1502 1310 1527 ut
1326 1498 1418 1536 lupus
1443 1496 1610 1534 oviculam,

896 1546 930 1571 ut
955 1542 1066 1580 vulpes
1092 1541 1296 1571 anserculum.
1341 1542 1440 1570 Porro
1461 1541 1612 1570 contrahit

895 1585 1000 1614 liberis
1016 1590 1076 1614 tam
1092 1584 1252 1624 flagitiosae
1267 1584 1373 1614 matris
1387 1584 1444 1612 hoc
1460 1584 1611 1620 dedecus,

895 1629 972 1657 utin
990 1628 1114 1666 publico
1131 1633 1163 1657 et
1190 1627 1314 1665 impune
1339 1637 1356 1656 a
1383 1637 1565 1665 quocunque
1592 1637 1610 1656 e

895 1674 1002 1710 stupro
1016 1671 1077 1700 nati
1094 1670 1296 1711 appellentur,
1314 1674 1344 1698 et
1360 1675 1456 1698 mater
1471 1669 1608 1707 ipsorum

895 1718 1040 1743 scortum.
1065 1714 1105 1743 Et
1121 1713 1260 1752 profecto
1276 1711 1439 1750 impudicae
1457 1713 1607 1750 ejusmodi

893 1764 924 1786 et
935 1757 1060 1796 perfidae
1074 1766 1184 1786 uxores
1197 1756 1318 1785 omnino
1326 1759 1394 1784 sunt
1407 1765 1512 1785 omnes
1525 1765 1609 1785 scor-

892 1804 933 1829 ta.
981 1799 1122 1837 Denique
1145 1799 1264 1834 marito,
1286 1798 1410 1827 forsitan
1438 1808 1495 1827 non
1519 1799 1610 1835 male,

892 1846 945 1871 aut
961 1842 1037 1872 bene
1055 1843 1159 1877 etiam,
1178 1842 1216 1871 de
1234 1852 1266 1870 55
1283 1841 1393 1870 merito
1407 1841 1515 1871 malam
1533 1842 1608 1871 hano

892 1886 985 1915 refert
1008 1885 1149 1924 gratiam,
1176 1889 1209 1914 ut
1224 1895 1338 1914 cornua
1362 1884 1423 1922 ipsi
1448 1884 1608 1924 imponat3

892 1939 959 1967 quae
974 1928 1058 1958 fraus
1074 1928 1126 1958 ubi
1142 1927 1331 1966 percrebuit,
1356 1926 1486 1964 ridetur,
1504 1927 1609 1957 sibila-

891 1976 953 2008 tur,
969 1971 1076 2010 digitis
1092 1972 1226 2001 omnium
1241 1971 1477 2001 demonstratur.
1530 1971 1609 2001 Pos-

893 2015 968 2051 sint,
993 2015 1019 2044 si
1041 2016 1128 2044 locus
1145 2018 1195 2044 aut
1221 2015 1325 2050 ferret,
1350 2019 1402 2043 aut
1425 2014 1609 2052 postularet,

893 2059 953 2087 alia
977 2059 1068 2098 plura
1089 2058 1147 2088 hoo
1173 2058 1212 2087 de
1229 2061 1410 2096 argumento
1429 2057 1504 2092 dici,
1524 2058 1606 2096 quod

892 2112 961 2131 cum
989 2106 1049 2131 tam
1074 2100 1163 2141 parvi
1186 2102 1236 2130 fiat
1252 2100 1356 2136 hodie,
1373 2104 1407 2130 ut
1421 2099 1538 2130 derisui
1555 2101 1608 2136 sit,

893 2145 945 2184 qui
966 2145 1047 2175 serio
1063 2146 1102 2174 do
1119 2156 1156 2174 eo
1173 2144 1300 2182 cogitet,
1324 2154 1413 2173 nemo
1428 2153 1488 2173 non
1506 2143 1608 2183 culpae

892 2199 974 2224 reos,
988 2194 1129 2228 tanquam
1148 2198 1181 2217 re
1201 2188 1280 2217 beno
1301 2190 1399 2226 gesta,
1422 2191 1455 2215 ut
1471 2186 1609 2224 homines

893 2232 1035 2267 subtiles,
1049 2231 1189 2266 miretur,
1204 2234 1235 2260 et
1258 2231 1360 2260 laudet
1377 2230 1466 2264 adeo,
1482 2240 1607 2269 passum

892 2275 1036 2313 injuriam
1051 2275 1170 2312 rideat3
1194 2273 1341 2312 colligere
1357 2273 1429 2302 inde
1444 2278 1502 2308 est,
1517 2284 1608 2312 quam

894 2319 1032 2357 corrupti
1047 2317 1107 2348 sint
1124 2316 1349 2348 seculimores.
1372 2316 1492 2346 Rmsxz.

936 2361 982 2395 Εἷς
1005 2362 1053 2391 ’τὴν
1071 2360 1158 2390 οἰκίαν
1185 2361 1234 2391 τὴν
1255 2359 1324 2400 ἐμὴν
1344 2358 1450 2399 εἰσιὼν]
1472 2358 1609 2389 Videtur

892 2409 977 2434 actor
990 2405 1080 2443 hujus
1096 2414 1207 2439 causae,
1221 2403 1272 2432 cui
1295 2413 1403 2432 nomen
1419 2405 1468 2432 est
1489 2402 1607 2442 Euphi-

892 2448 967 2483 leto,
983 2446 1069 2487 ὅβςιν,
1087 2446 1304 2477 contumeliam
1320 2445 1380 2475 sibi
1403 2446 1525 2481 factam,
1549 2456 1606 2475 non

891 2491 922 2520 in
944 2501 980 2520 eo
1005 2491 1159 2529 posuisse,
1184 2490 1265 2528 quod
1289 2493 1436 2519 cornutus
1461 2492 1545 2519 esset
1569 2489 1607 2518 ab

893 2536 1093 2564 Eratosthene
1105 2535 1215 2569 factus,
1231 2533 1286 2563 sed
1300 2532 1329 2562 in
1346 2533 1415 2566 hoc,
1432 2533 1514 2571 quod
1532 2533 1607 2561 Era—

892 2578 1050 2607 tosthenes
1074 2577 1103 2606 in
1128 2577 1252 2611 domum
1272 2586 1370 2610 suam,
1393 2586 1425 2605 se
1443 2575 1552 2610 inscio,
1577 2579 1608 2603 et

892 2621 992 2650 invito
1009 2622 1098 2657 adeo,
1115 2624 1199 2650 esset
1219 2620 1386 2659 ingressus.
1432 2619 1514 2647 Illud
1531 2617 1607 2646 suris

893 2668 952 2699 est,
980 2664 1036 2693 1100
1064 2663 1196 2703 tyranni.
1242 2662 1422 2702 Superbiam
1445 2667 1476 2690 et
1491 2661 1607 2689 violen-

893 2706 964 2736 tiam
981 2707 1071 2736 homo
1087 2707 1224 2736 insolens
1241 2711 1272 2735 et
1287 2715 1431 2743 arrogans
1453 2704 1534 2733 inter
1548 2702 1587 2732 ali
1592 2713 1609 2731 ’1

893 2751 950 2780 1100
973 2760 1096 2789 quoque
1118 2751 1320 2783 demonstret,
1338 2748 1364 2778 si
1380 2746 1477 2776 invito
1500 2750 1530 2775 et
1547 2745 1608 2775 1111-

892 2799 986 2833 gente
1003 2793 1152 2823 domino·
1145 2804 1174 2822 m
1196 2793 1321 2822 domum
1345 2791 1410 2829 ejus
1425 2790 1564 2825 invadat,
1578 2789 1608 2818 in

893 2847 990 2876 eaque
1004 2847 1059 2876 pro
1075 2836 1175 2866 lubitu
1192 2839 1360 2871 «rassetur.
1383 2833 1490 2862 Inmr

937 2880 1096 2921 Χρημάτων
1111 2877 1205 2918 ἕνεκα]
1230 2880 1274 2908 Ut
1290 2877 1405 2906 caedem
1427 2885 1443 2904 a
1459 2885 1490 2904 55
1507 2878 1610 2913 patra-

894 2927 956 2953 tam
972 2929 1095 2963 purget,
1108 2931 1228 2952 causam
1239 2922 1305 2959 ejus
1317 2918 1374 2949 sibi
1386 2918 1427 2948 ait
1440 2917 1599 2967 legitimas:
1600 2928 1611 2946 1

896 2966 1006 2997 fuisse.
1050 2968 1127 2997 Nam
1154 2964 1387 2994 Eratosthenem
1412 2961 1587 2991 moechum'
1578 2971 1609 2990 111

895 3009 1001 3041 uxoris
1041 3020 1103 3039 sua:
1134 3006 1328 3046 unplexibus
1360 3004 1612 3045 deprehendisse.
