1819 3219
569 181 903 224 LECTIONES
938 181 1224 224 LYSIACAE.
1543 182 1621 224 129

167 292 274 336 *apud
285 300 371 325 eum
389 290 443 323 est
457 290 627 334 ἀμέλγειν.
678 289 728 324 At
745 289 946 334 cujatium?
970 283 1174 324 Atticorum
1193 298 1337 333 nempe.
1356 290 1396 323 ut
1413 287 1557 323 aliunde
1571 287 1625 322 di-

170 345 321 387 scimus,
339 355 389 379 sc.
407 354 455 378 ex
473 356 531 388 σχ.
548 344 702 378 Theocr.
721 345 768 378 ad
785 344 893 388 Idyll.
912 343 966 378 ΙΙ.
983 347 1042 379 56.

458 407 592 451 Ἐμφὺς,
617 407 661 446 ὡς
684 408 841 450 λιμνᾶτις
866 408 962 440 ἅπαν
979 408 1013 440 ἐκ
1028 407 1156 450 βδέλλα
1173 407 1344 447 πέπωκας,

172 467 248 502 Ubi
266 468 412 502 dicitur:
436 470 574 514 Εἴρηται
587 470 619 502 δὲ
633 469 762 510 βδέλλα
779 472 873 513 παρὰ
889 472 926 503 τὸ
937 470 1109 512 βδάλλειν,
1127 470 1144 503 ὅ
1159 472 1249 504 ἐστιν
1265 469 1456 515 ἐξαμὲλγειν
1474 470 1511 502 τὸ
1528 466 1624 512 αἷμα.

171 526 211 556 τὸ
225 525 289 568 γὰρ
299 523 457 568 ἀμέλγειν
471 523 655 557 Ἀττικοὶ
679 524 787 565 βδάλ
798 526 838 557 λε
849 538 886 557 ιν
910 525 1086 569 λέγουσι.
1121 525 1214 565 Quae
1231 525 1342 559 verba
1358 522 1562 558 scholiastae
1576 523 1624 556 le-

167 580 309 621 guntur
324 577 409 620 fere,
428 587 555 611 verum
584 577 659 611 sine
686 578 831 611 nomine
852 580 980 622 gentis,
1000 579 1098 623 apud
1122 579 1280 623 Hesych.
1304 578 1344 613 in
1368 579 1622 622 Ἐβδηλλάμην.

172 632 315 666 Eodem
331 633 439 666 modo
451 642 524 666 vox
542 634 653 677 Θρόνα
666 633 721 666 vel
739 634 849 678 Τρόνα
862 635 959 678 apud
978 633 1066 667 alias
1083 633 1200 678 gentis
1213 636 1250 667 et
1262 633 1457 677 scriptores
1477 632 1565 666 alias
1587 634 1624 664 et

171 689 332 723 maxime
351 689 506 723 diversas
518 692 627 724 nacta
640 692 694 723 est
711 690 1000 734 significationes,
1019 693 1060 724 ut
1076 690 1248 724 discimus
1265 700 1311 724 ex
1324 690 1405 723 eod.
1429 703 1485 734 σχ.
1504 690 1549 723 ad
1567 689 1623 722 ΙΙ.

168 745 231 778 59.
266 745 389 789 Θρόνα,
418 744 623 779 Θεσσαλοὶ
650 748 712 789 μὲν
741 748 782 779 τὰ
800 746 1040 790 πεποικιλμένα
1063 748 1141 785 ζῶα·
1165 746 1349 789 Κύπριοι
1378 745 1411 778 δὲ
1436 747 1478 778 τὰ
1495 746 1619 779 ἄνθινα

170 800 298 844 ἱμάτια·
311 806 337 834 Α
348 802 471 834 ίτωλο
483 803 493 834 ὶ
505 802 537 834 δὲ
548 802 715 845 φάρμακα,
733 802 777 841 ὥς
786 808 864 845 φησι
874 803 1095 847 Κλείταρχος·
1114 801 1185 846 ’Όμ
1195 813 1239 845 ηρ
1249 814 1290 840 ος
1314 800 1347 833 δὲ
1361 802 1404 833 τὰ
1414 799 1508 844 ῥόδα.
1561 798 1621 832 Ex

162 853 224 888 his
235 856 428 890 nonnullas
440 856 549 901 habet
566 855 774 899 Hesychius
791 856 955 900 (habebit
971 857 1098 890 saltem
1113 854 1334 901 propediem,
1348 866 1400 889 sc.
1418 854 1482 888 ubi.
1498 864 1622 888 emen-

168 908 327 954 davero),
346 920 417 944 non
435 912 558 944 tamen
584 910 770 944 nobiscum
788 921 831 944 ea
856 911 926 945 fide
954 912 1029 955 egit
1055 913 1164 956 atque
1191 911 1411 945 scholiastes.
1461 909 1624 943 Prodidit

168 965 281 1008 enim,
299 965 386 1010 quid
403 967 579 1009 dicantur,
596 976 665 1000 non
683 966 763 1010 quis
780 966 886 999 dixit.
929 965 1028 1000 Ecce
1043 966 1079 1000 in
1097 968 1239 1011 Θρόνον.
1291 967 1422 1010 Θρόνον
1433 965 1624 1009 τετράπουν

166 1022 223 1053 ’καὶ
237 1022 298 1054 τὸν
312 1021 399 1065 ἱερὸν
415 1022 541 1065 δίφρον,
560 1024 614 1055 καὶ
631 1021 934 1065 ἐκπεποικιλμὲνον.
985 1020 1138 1065 Scripsit
1155 1021 1276 1065 procul
1294 1020 1405 1054 dubio
1431 1021 1624 1064 τετράπουν

168 1077 478 1120 ἐκπεποικιλμένον,
512 1077 684 1110 lacertam
720 1088 771 1111 sc.
801 1079 866 1111 aut
900 1077 1031 1111 animal
1066 1070 1195 1120 similej
1233 1076 1331 1121 quod
1367 1075 1533 1109 Thessali
1561 1086 1626 1110 vo-

168 1133 256 1164 cant
281 1133 424 1177 θρόνον.
472 1132 589 1173 (Dum
617 1133 655 1166 in
681 1132 734 1166 his
754 1131 959 1176 regionibus
984 1132 1177 1167 subsistam
1204 1132 1405 1177 proximam
1435 1141 1561 1165 vocem
1588 1133 1625 1164 ct

164 1186 353 1220 emendari
378 1186 530 1230 ejusque
554 1186 886 1231 interpretationem
903 1187 1076 1222 vindicari
1095 1187 1216 1221 velim.
1267 1187 1482 1232 θρονὶτης,
1500 1188 1624 1229 πρώτι-

168 1253 259 1280 στος.
310 1239 399 1274 Fab.
420 1243 619 1285 Χρώτιστος.
668 1242 897 1276 Temerarius
913 1243 970 1276 ille
988 1243 1094 1276 homo
1111 1242 1186 1284 vix,
1203 1242 1325 1284 credo,
1341 1252 1378 1274 se
1393 1240 1509 1284 ipsum
1521 1240 1625 1274 intel-

168 1296 271 1329 lexit.
321 1295 379 1329 Tu
395 1296 548 1329 retineas
560 1298 758 1340 πρώτιστος,
772 1300 808 1331 et
821 1298 991 1331 emendes
1008 1303 1033 1331 θ
1043 1311 1089 1343 ρα
1100 1299 1194 1339 νίτη
1203 1312 1231 1338 ς.
1281 1294 1440 1340 Hesych.
1458 1294 1495 1328 in
1510 1296 1624 1329 Θαλά-

167 1364 252 1394 μιος.
303 1351 472 1391 Θαλὰμιος
488 1351 620 1395 λέγεται
635 1353 651 1385 ὁ
669 1353 824 1396 ἔσχατος·
851 1354 868 1387 ὃ
886 1353 918 1386 δὲ
934 1354 1033 1397 μέσος
1049 1355 1174 1398 ζύγιος,
1202 1354 1219 1386 ὁ
1245 1353 1277 1386 δὲ
1302 1353 1439 1385 cimbra
1451 1363 1518 1391 τος
1543 1353 1622 1395 θρα-

165 1404 292 1448 νίτης.)
318 1405 363 1438 In
379 1407 489 1450 Τρὸνα
502 1406 603 1440 dedit
620 1407 816 1451 Cypricum
831 1419 948 1442 usum.
999 1411 1111 1453 Τρόνα
1123 1412 1144 1450 ἢ
1162 1410 1270 1454 θρόνα
1287 1408 1482 1452 ἀγάλματα,
1500 1409 1520 1447 ἦ
1535 1406 1621 1450 ῥάμ-

163 1475 255 1505 ματα
267 1461 403 1495 ἅνθινα.
452 1461 620 1494 Fortasse
637 1462 778 1506 scripsit
793 1464 1010 1507 βάμματα,
1028 1464 1100 1504 vel,
1124 1462 1222 1507 quod
1237 1462 1357 1505 potius
1380 1460 1540 1504 suspicor
1558 1461 1621 1504 ju-

166 1518 232 1550 xta
249 1514 464 1549 scholiasten
481 1515 589 1548 modo
606 1515 806 1555 laudatum,
819 1516 972 1560 ἱμάτια,
999 1519 1135 1551 ᾶνθινα.
1160 1515 1266 1550 More
1284 1515 1351 1549 hoc
1365 1515 1541 1559 Hesychii
1555 1516 1620 1550 ob-

164 1572 314 1609 servato,
331 1579 416 1603 cum
432 1571 469 1601 et
486 1567 588 1613 Εἶδαρ
601 1571 642 1602 et
652 1569 762 1614 Ἴὸαρ
790 1572 949 1613 exponat
964 1572 1094 1615 βρῶμα,
1119 1581 1190 1603 non
1217 1570 1342 1614 utique
1355 1570 1542 1614 extemplo
1559 1571 1621 1604 ad-

165 1624 324 1660 firmabis
338 1624 508 1658 extritam
527 1635 604 1657 esse
621 1624 774 1668 alicujus
790 1625 930 1658 incuria
945 1625 1086 1659 literam
1105 1631 1130 1659 E
1148 1625 1319 1669 ἱηἼδαρ,
1335 1635 1392 1666 ne,
1410 1624 1506 1668 quod
1520 1635 1620 1658 com-

166 1679 324 1714 muniter
341 1678 442 1724 Εἴδαρ
458 1678 603 1721 dicitur,
622 1678 658 1712 id
672 1679 838 1723 Cyprius,
851 1680 907 1713 vel
922 1680 1078 1723 AEtolus‚
1094 1681 1151 1714 vel
1165 1679 1387 1723 Syracusius,
1402 1679 1525 1713 mallet
1540 1690 1620 1724 pro-

166 1730 337 1770 nunciare
346 1735 454 1778 Ἴδας).
504 1733 607 1767 Idem
625 1744 716 1777 pene
734 1737 801 1775 est,
816 1737 857 1768 ut
874 1745 1039 1768 moneam
1057 1734 1101 1768 de
1120 1735 1280 1778 Εἰαμεναὶ
1297 1735 1333 1767 et
1355 1734 1515 1777 Ἰαμεναὶ,
1538 1735 1620 1778 Εἵαρ

165 1795 203 1825 et
212 1792 301 1835 Ἰαρ,
321 1792 423 1834 Εἷθαρ
442 1789 596 1832 θῐἿθαρ,
625 1787 731 1833 Εἶλαρ
756 1791 793 1822 et
812 1790 921 1835 Ἵλαρ,
940 1791 1097 1834 Εἷρωνεία
1113 1792 1151 1823 et
1166 1791 1326 1834 Ἰρωνεία.
1377 1788 1544 1832 Exponit
1560 1789 1619 1822 ille

165 1848 284 1888 Ἐῖκων,
296 1848 484 1890 ὑποχωρῶν
501 1847 538 1879 et
548 1846 709 1885 Ἰκοντες,
723 1846 966 1885 ὑπακούοντες,
981 1848 1273 1891 παραχωροῦντες.
1310 1845 1494 1885 Εἶλαπίνη,
1509 1845 1619 1884 θυσία,

165 1903 275 1947 ἑορτὴ,
292 1903 328 1935 et
343 1902 537 1943 Ἰλαπίνας,
563 1903 692 1941 θυσίας,
717 1902 844 1945 ἑορτάς.
895 1902 1011 1940 Εέλεὸς
1027 1901 1160 1934 dicitur
1176 1901 1198 1941 ἡ
1215 1902 1272 1934 τοῦ
1290 1899 1406 1943 θηρίου
1427 1899 1619 1939 κατάδυσις,

161 1957 269 1997 Ἰλεὸς
282 1958 396 2002 θηρίου
413 1958 554 2001 φωλεόςε
581 1956 754 1990 Similiter
767 1958 956 2002 Εἰλιγγιᾷν,
975 1958 1184 1997 σκοτοῧσθαι,
1202 1956 1451 2000 συστρέφεσθαι,
1466 1956 1502 1988 et
1517 1955 1619 1999 Ἰλιγ-

165 2016 258 2057 γιᾷν,
277 2014 551 2056 συστροφοῦσθαι,
568 2014 776 2046 σκοτοῦσθαι.
825 2011 894 2053 lta,
910 2013 1048 2056 Ἐρὴνη.
1066 2013 1173 2056 κόρος·
1200 2012 1307 2051 τέλος.
1332 2010 1407 2054 (Tu
1426 2009 1480 2044 fac
1497 2021 1619 2045 emen-
1636 2012 1709 2041 '702'

167 2068 233 2102 des
249 2067 374 2111 είρὴν.
387 2068 493 2111 κόρος,
511 2067 639 2101 τέλειο
650 2066 682 2110 ς)
699 2069 735 2100 et
750 2067 869 2111 Ἰρίνες
882 2066 1020 2111 (potius
1032 2068 1173 2111 Ἰρῆνες.
1223 2066 1311 2101 Vitl.
1328 2065 1437 2099 Kust.
1452 2066 1498 2100 ad
1516 2065 1618 2101 Suid.

162 2132 200 2156 v.
217 2123 395 2166 Μελείρην,
410 2124 446 2156 et
464 2122 594 2157 Lexic.
610 2122 806 2165 Herodot.)
817 2123 1006 2167 μελέφηβοι.
1055 2123 1159 2157 Nolis
1175 2123 1298 2168 itaque
1315 2122 1619 2157 emendaturienti

165 2176 305 2218 similis,
335 2178 493 2221 αἵμονα
522 2179 746 2222 ἐπιστήμονα,
775 2179 944 2223 ἔμπειρον,
970 2177 1133 2223 protinus
1151 2177 1358 2212 existimare
1371 2177 1618 2221 reponendum

165 2242 242 2266 esse
260 2231 453 2276 δαίμονα,
471 2243 535 2278 qu.
555 2234 752 2277 δαήμονα.
772 2233 867 2278 quod
883 2233 942 2267 ille
960 2233 1090 2279 pariter
1103 2233 1175 2268 fere
1189 2233 1465 2278 interpretatur:
1490 2242 1617 2267 verum

165 2286 202 2321 in
220 2285 382 2320 Homero
399 2287 590 2322 subsistere
607 2288 653 2322 11.
674 2294 711 2322 Ε.
729 2289 787 2322 49.

460 2352 537 2385 Υἱὸν
555 2351 587 2384 δὲ
608 2352 776 2396 Στροφίοιο
794 2353 1037 2397 Σκαμάνδριον,
1054 2354 1205 2398 α’ίμονα
1230 2354 1344 2399 θήρης.

166 2413 369 2458 Saepissime
387 2414 537 2447 innuere
555 2413 707 2456 videtur,
726 2415 881 2460 utroque
900 2415 1006 2449 modo
1022 2419 1060 2450 et
1079 2415 1150 2450 dici
1166 2418 1204 2450 et
1219 2415 1335 2449 scribi.
1383 2414 1505 2460 lta'Ip
1517 2430 1616 2455 εται,

165 2472 187 2510 ἢ
198 2470 328 2514 ε’ίρεται,
342 2470 564 2503 συνάπτεται.
611 2469 727 2512 Ἰπὺα,
747 2471 863 2504 σιπύα.
915 2471 1029 2512 Quasi
1046 2471 1198 2506 dixisset
1212 2470 1341 2505 cellam
1355 2472 1551 2515 panariam,
1563 2474 1620 2507 vel

164 2524 371 2568 ἀρτοθὴκην,
384 2523 429 2557 ab
446 2524 525 2558 aliis
542 2526 677 2559 Σιπύαν
687 2524 773 2567 (lici,
792 2525 837 2558 ab
854 2525 933 2559 aliis
949 2527 1086 2561 Ἰπῦαν.
1120 2527 1275 2571 Λέκρανα
1299 2529 1321 2567 ὴ
1344 2527 1515 2572 ώλέκρανα
1542 2532 1620 2568 τοὺς

165 2580 344 2624 ἀγκῶναςε
372 2580 469 2614 unde
484 2590 556 2614 non
573 2574 755 2614 dubitabis
771 2581 947 2625 corrigere
962 2583 1165 2628 Ὠλέκρανον
1191 2584 1208 2616 ὁ
1229 2583 1365 2627 ’Ἃγων
1384 2582 1448 2623 sic,
1467 2584 1621 2629 Ὠλέκρα-

165 2647 229 2668 νον
245 2635 262 2667 ὁ
279 2635 448 2679 Ἀγκών.
497 2634 586 2676 Aut,
604 2636 634 2668 si
655 2634 812 2676 dubites,
833 2636 1001 2671 consulas
1023 2638 1177 2682 glossam
1203 2639 1400 2683 Ἀγοστούς.
1434 2640 1621 2684 ὠλέκρανα.

165 2701 195 2721 οι
211 2689 280 2722 δὲ’
260 2702 344 2734 ακρα
356 2693 489 2734 χειρῶν,
506 2692 527 2731 ἣ
542 2691 678 2734 πήχεις,
698 2705 719 2732 η
737 2691 935 2734 ἀγκῶνες.

149 2782 152 2785 Δ
212 2742 378 2777 Eandem
403 2754 507 2788 porro
536 2744 724 2778 adhibebis
751 2745 1016 2781 dubitationem
1044 2748 1080 2781 in
1109 2723 1346 2783 emendandis
1370 2749 1414 2783 iis
1429 2748 1567 2798 glossis,
1584 2747 1622 2782 in

165 2795 295 2839 quibus
309 2796 424 2831 literae
441 2797 646 2843 principalis
663 2799 776 2842 figura
791 2803 937 2847 propter
954 2801 1231 2838 similitudinem
1246 2804 1419 2838 exarandi
1434 2790 1621 2837 librarium

164 2847 330 2882 fefellisse
346 2851 476 2895 potuit.
525 2852 623 2887 Nam
641 2855 678 2886 et
704 2852 782 2887 haec
799 2859 855 2889 est
879 2855 993 2890 altera
1016 2867 1096 2900 pars
1114 2856 1367 2900 disputationis
1382 2866 1486 2890 meae.
1535 2855 1621 2892 Nou

161 2913 249 2946 ergo
262 2905 440 2947 protinus,
457 2906 486 2940 si
502 2907 589 2952 quid
607 2918 628 2941 a
645 2913 670 2942 B
686 2909 850 2954 incipiat,
870 2911 964 2955 quod
997 2911 1077 2955 Ego
1095 2911 1151 2946 vel
1175 2912 1235 2946 Tu
1261 2922 1323 2955 per
1347 2915 1374 2944 Φ
1401 2910 1620 2945 describere-

166 2967 259 2995 mus,
289 2959 323 2992 id
351 2959 429 2993 ἰηΦ
446 2960 656 3004 corrigendo
674 2972 899 3007 corrnrnpes·
932 2966 1101 3008 quoniam
1128 2966 1156 2998 si
1183 2975 1243 2998 ore
1272 2964 1512 2999 Macedonico
1539 2974 1625 2999 usus

923 3030 937 3050 S
