1839 3229
235 200 337 255 178

796 208 1111 254 ΛΎΣΙΟΥ

160 344 210 378 38
231 318 396 392 ζημίαις
426 317 578 386 οἷξιους
613 321 816 388 ἦγησατο
857 320 961 375 εἶναι
999 325 1027 385 ἢ
1057 348 1158 383 τους
1195 323 1445 383 πειθοντοις.
1487 346 1574 376 των
1596 346 1676 394 μεν

229 419 337 488 γαρ
344 391 540 448 &avom-ov
567 395 790 463 κατέγνω,
814 407 905 456 τοῖς
922 395 963 450 δὲ
980 395 1177 460 ὃιπλῆν’
1162 398 1339 461 εποίησε
1366 397 1444 460 τὴν
1448 396 1675 460 βλάβην,

227 468 476 541 ἡγούμενος,
520 495 621 530 τους
651 496 730 541 μεν
762 469 1163 566 διαπραττομένους
1197 472 1286 542 βιοι
1321 497 1414 525 υπο
1448 498 1531 524 των
1567 474 1677 534 βια-

230 542 427 598 σθεντων
459 547 720 617 μισεῖσθαι,
756 570 856 605 τους
888 545 931 600 ὃε
962 571 1216 607 πεισοιντοις
1248 545 1382 607 οἱιτως
1412 547 1557 599 αὐτων
1591 546 1679 605 τοὶς

230 616 393 687 ψυχοὶς
427 617 745 689 διαφθειρειν“
710 618 820 715 ω’ςτ
851 619 1108 713 οἷκειοτεροις
1134 623 1286 681 αὐτοῖς
1311 632 1448 675 ποιεῖν
1481 620 1567 679 τοὶς
1591 620 1679 672 οἷλ-

161 1014 213 1048 40

229 694 414 762 λοτριοις
446 705 665 762 ’γυναῖκας
695 695 723 757 ἢ
757 704 847 753 τοῖς
873 692 1071 763 οἷνὸρασι,
1103 721 1181 749 κοιι
1208 699 1377 749 πᾶσαν
1403 721 1470 749 ew·
1509 718 1681 754 εκεινοις
1698 714 1762 749 95.
1781 714 1799 748 1

231 767 309 830 τὴν
335 768 477 821 οἶκιοιν
503 794 745 837 «γεγονεναι,
769 792 847 820 κοιι
876 793 977 830 τους
1001 769 1170 830 παῖδας
1189 767 1445 833 οἷὸηλους
1398 776 1503 823 εἱνοιι
1524 770 1683 823 &vro-re-

161 867 213 902 39
229 867 329 935 ξων
333 845 635 911 τυγχάνουσιν
661 841 795 906 ὄντες,
824 868 909 895 των
933 842 1139 933 οἷνὲρὲὖν,ἢ
1111 871 1136 906 η
1169 870 1252 897 των
1282 864 1472 916 μοιχων·
1502 843 1665 896 οἷνθ
1631 853 1685 896 ὠν

231 942 252 968 O
279 942 350 970 Tov
369 943 511 1006 νΟμΟΗΝ
517 915 663 977 7⁴35&
687 917 887 970 S'OEVOCTOV
914 943 1067 979 wuronc
1087 943 1272 982 ΕἮΟΗΊΟἜ
1292 921 1387 1012 T‘quvl
1403 919 1584 1007 ζημίαν.

304 992 511 1063 ψἘμου
536 1016 692 1057 τοινυν,
720 993 756 1045 ἱῖἷ
772 991 933 1087 ἄνδρες,
960 995 998 1046 οἶ
1016 1020 1095 1065 μεν
1115 995 1231 1066 νόμοι
1258 1017 1302 1045 ου
1328 1019 1450 1066 μονον
1471 993 1685 1061 οἷπεγνω-

232 1065 358 1125 κότες
385 1065 469 1119 εἷο-ι
493 1067 560 1138 μῆ
591 1066 774 1128 danen,
801 1068 933 1121 οἷλλοέ
964 1094 1041 1122 κοιι
1071 1068 1384 1129 κεκελευκότες
1410 1069 1576 1131 ταύτην
1610 1067 1687 1130 τὴν

232 1138 351 1203 ὃικην
390 1141 656 1214 λοιμζοὲνειν·
707 1142 745 1196 ἓν
784 1144 883 1214 υμῖν
921 1141 964 1196 3
998 1144 1112 1207 ἐστὶ,
1148 1145 1336 1219 πότερον
1377 1142 1498 1238 χρὴ
1511 1142 1730 1202 τούτους5

231 1214 440 1292 ἶσχυξους
468 1217 497 1279 ἠ
525 1215 703 1289 μηδενος
727 1216 949 1284 οἷξιους
904 1223 1027 1271 εἶναι.
1071 1218 1212 1287 ἓιγω1
1229 1221 1307 1290 μὲν
1333 1219 1424 1296 γοέξ
1451 1216 1576 1290 οἶμαι
1596 1241 1690 1272 ποι·-

835 1325 842 1345 ¹
854 1326 952 1356 Deest
966 1325 1031 1366 μέν.
1048 1327 1084 1356 Τ.

232 1408 294 1440 sibi
307 1412 475 1450 gerendum
491 1411 712 1450 pessexissent,
728 1415 817 1451 atque
833 1412 878 1442 sic
894 1423 947 1443 vo-

232 1453 332 1483 lentes
354 1454 423 1484 illas
440 1455 661 1494 corrupissent,
679 1466 731 1485 seu
757 1459 874 1495 stupro,
892 1466 945 1485 seu

234 1496 399 1534 adulterio,
425 1498 575 1536 ejusmodi
601 1502 796 1537 corruptores
824 1498 947 1538 impune

235 1539 330 1570 licere
347 1541 501 1571 occidere.
522 1542 642 1572 Rmsx.

279 1586 342 1612 Τῶν
377 1582 432 1622 μὲν
466 1583 536 1624 γᾶς]
582 1585 657 1615 Scil.
686 1586 742 1613 τῶν
777 1585 947 1615 πεισάντων.

236 1626 344 1656 IDEM·

279 1669 346 1702 Τοῖς
361 1668 406 1709 δὲ]
430 1669 506 1699 Scil.
523 1669 720 1709 Βιασ-οιμένοις.
745 1671 849 1701 IDEM.

280 1712 393 1753 Αὐτῶν]
411 1712 630 1752 Indiligentius
647 1714 738 1753 paulo
755 1718 846 1753 atque
859 1724 947 1743 secu-

235 1753 301 1784 rius
317 1755 445 1786 dictum.
492 1757 674 1787 Confide'oas
697 1766 818 1796 nempe,
842 1757 947 1796 Lysia,

234 1797 385 1828 lectorum
409 1802 530 1829 tuorum
554 1800 620 1830 fore
639 1800 788 1829 neminem
810 1804 869 1829 tam
887 1804 947 1830 tar-

236 1841 321 1877 dum,
338 1846 371 1872 ut
386 1842 444 1871 hoo
461 1843 553 1872 αὐτῶν
569 1844 606 1872 ad
623 1843 796 1883 proximum
812 1845 865 1872 τῶν
881 1843 946 1875 βια-

234 1882 355 1914 σθέντων
375 1885 515 1922 referret,
539 1887 594 1916 sed
617 1896 723 1915 omnes
744 1886 825 1915 ultro
843 1888 947 1925 conje-

235 1930 323 1957 ctura
345 1927 379 1957 id
403 1938 472 1957 esse
495 1933 728 1964 consecuturos,
751 1929 832 1968 quod
858 1934 890 1958 tu
916 1930 945 1959 in

234 1975 338 2000 mente
376 1971 548 2008 habuisses,
580 1972 648 2003 scil.
674 1974 729 2002 τῶν
763 1971 945 2003 vrato-&eccam

236 2012 342 2043 IDEM

278 2056 333 2085 Καὶ
351 2067 415 2091 τους
438 2068 491 2086 παι
482 2056 557 2094 δας,
571 2059 647 2099 etc.]
671 2058 875 2093 Adulterium,
901 2059 945 2088 uti

235 2098 369 2135 videtur,
383 2101 462 2139 apul
478 2102 604 2131 Graecos
620 2112 679 2131 non
695 2102 723 2130 in
738 2101 774 2131 Sa
778 2102 881 2137 lutam,
894 2106 945 2131 aut

238 2141 445 2177 Vac11am,sed
459 2144 945 2185 inConjngatam,inu'vrwsspovso-

234 2184 294 2214 lam
306 2187 415 2216 cadere
427 2188 537 2228 potuit,
552 2189 595 2217 uti
609 2189 724 2228 puriter
735 2190 815 2228 apud
831 2189 945 2219 Rotna-

233 2238 301 2264 nos,
312 2230 428 2259 Graecae
440 2230 613 2269 νομοθεσίας
624 2233 737 2281 probos
749 2232 944 2271 interpretes-

232 2272 397 2311 “Proprie
415 2274 636 2303 Adulterium*
628 2286 659 2304 ιη
676 2275 782 2313 Nupta
805 2275 945 2304 commit-

232 2313 318 2349 titur,
337 2322 455 2354 propter
473 2322 597 2353 partum
614 2327 645 2345 ex
666 2317 758 2346 altero
775 2322 945 2356 conceptum

234 2358 408 2396 composito
423 2360 562 2387 nomine:
585 2361 729 2397 Stuprum
747 2369 819 2388 vero
835 2360 864 2388 in
882 2360 944 2389 vir-

233 2399 334 2437 ginem
346 2400 530 2439 viduamque
541 2401 753 2436 committitur,
764 2402 846 2440 quod
858 2404 942 2432 Grae-

234 2440 612 2481 cissssogavappellant..”l
629 2447 658 2475 6.
671 2444 697 2483 §.
710 2448 739 2474 1.
754 2446 795 2474 D.
813 2446 851 2475 ad
866 2446 940 2484 Leg.

231 2484 296 2515 Jul.
313 2486 351 2514 de
367 2486 525 2516 adulteriis
540 2488 732 2517 coercendis.
765 2489 813 2517 lta
829 2499 941 2527 porro:

233 2527 407 2564 “Adulter,
420 2529 610 2567 quialienam
623 2529 823 2570 Matremf'am.
837 2538 942 2561 corru-

233 2569 347 2609 perit,'
369 2571 391 2600 l.
410 2572 485 2602 225.
512 2573 552 2601 D.
574 2572 613 2601 de
633 2574 719 2603 verb.
742 2573 844 2613 signif.
870 2586 897 2608 ος
911 2574 943 2605 ἂν

231 2613 429 2654 μοιχεύσηται
441 2616 489 2644 τὴν
498 2615 619 2653 γυναῖκα
629 2617 679 2645 τοῦ
692 2616 824 2647 πλησίου.
841 2618 944 2647 Levit.

234 2657 319 2686 XX.
332 2660 384 2687 10.
401 2657 474 2688 Vid.
490 2668 558 2697 quae
574 2669 629 2688 nos
642 2660 733 2688 modo
747 2660 786 2688 de
803 2659 898 2690 Furto
911 2665 942 2690 et

231 2699 403 2730 Adulterio.
427 2701 506 2730 Inde
521 2701 598 2731 adeo
615 2703 714 2741 Legg.
730 2702 859 2738 Civiles,
874 2714 941 2742 quae

232 2742 398 2774 Societatis
410 2744 616 2783 utplurimum
625 2745 772 2784 beneficia
782 2746 942 2776 adstruere

232 2790 387 2826 satagunt,
413 2787 473 2817 alia
501 2798 627 2826 prorsus
651 2787 823 2827 respiciunt
852 2793 943 2828 atque

233 2829 406 2860 Canonicae.
451 2831 578 2861 Plenior
611 2836 670 2868 est,
704 2842 793 2870 quem
824 2831 943 2861 consuli

234 2872 338 2909 velim,
366 2874 414 2903 Cl.
442 2873 650 2914 Harpprecht.
677 2875 715 2904 ad
739 2873 844 2904 Instit.
867 2874 888 2903 l.
912 2877 943 2905 4.

232 2914 294 2945 Tit.
306 2919 358 2947 18.
369 2917 447 2956 §.4.‚
463 2918 577 2948 Anton.
588 2917 713 2948 Perezii
727 2916 943 2947 Praelectiones

232 2957 271 2986 ad
290 2958 326 2988 C.
342 2960 380 2989 de
397 2959 464 3000 lege
481 2960 588 2997 J-utia„
603 2965 634 2991 et
650 2961 676 2991 I.
693 2961 786 2991 Fred.
810 2960 945 2991 Bockel-

232 3008 313 3031 man.
327 3002 490 3035 Different.
502 3003 570 3036 Jur.
581 3003 674 3036 Civil.
687 3007 718 3034 et
729 3004 879 3035 Canonae.
890 3006 942 3035 49.

981 1413 1027 1443 Ad
1044 1412 1185 1443 maritum
1201 1417 1302 1443 tamen
1321 1416 1510 1452 stuprantem
1526 1411 1690 1450 detorque-

980 1461 1030 1486 tur
1053 1456 1215 1496 aliquando
1242 1467 1303 1486 vox
1325 1455 1534 1490 Adulterium,
1557 1454 1622 1493 qui,
1646 1454 1690 1484 uti

980 1499 1060 1535 dixi,
1078 1500 1220 1530 Moechus
1242 1510 1294 1529 seu
1311 1499 1444 1529 Adulter
1461 1497 1526 1527 fieri
1543 1507 1604 1526 non
1620 1501 1690 1535 pot·

981 1548 1040 1577 est,
1056 1543 1115 1572 nisi
1132 1544 1163 1572 in
1179 1542 1278 1572 aliena
1292 1552 1408 1571 uxore:
1427 1543 1475 1570 Ita
1490 1541 1519 1570 in
1536 1539 1584 1570 his
1600 1539 1692 1576 locisJ

981 1596 1048 1624 quae
1070 1591 1170 1615 tamen
1191 1587 1338 1624 majorum
1358 1583 1588 1624 sapientissima
1602 1583 1690 1613 insti-

981 1634 1047 1659 tuta
1060 1630 1194 1659 referunt
1208 1630 1245 1658 de
1257 1628 1401 1658 dissimili
1413 1628 1442 1657 in
1454 1626 1598 1666 dissimili
1611 1636 1690 1657 sexu

981 1672 1153 1702 atrocitate.
1177 1671 1298 1711 Fragm.
1312 1672 1380 1701 Cat.
1396 1671 1476 1710 apud
1491 1670 1572 1700 Gell.
1582 1669 1626 1699 X.
1637 1670 1688 1700 23.

981 1719 1002 1732 “
1013 1717 1050 1745 In
1065 1715 1216 1745 adulterio
1237 1725 1364 1744 uxorem
1380 1719 1462 1744 tuam
1479 1713 1505 1743 si
1521 1712 1689 1753 deprehen-

981 1759 1095 1795 disses,
1112 1759 1176 1788 sine
1189 1758 1308 1798 judicio
1323 1758 1448 1797 impune
1464 1756 1609 1787 necares?
1631 1755 1690 1786 Illa

981 1805 1024 1837 te,
1039 1802 1063 1831 si
1078 1802 1274 1837 adulterares,
1291 1801 1389 1840 digito
1402 1812 1460 1830 non
1477 1800 1603 1830 auderet
1616 1808 1689 1828 con-

981 1845 1113 1884 tingere.
1137 1844 1250 1884 Neque
1262 1845 1314 1883 jus
1326 1843 1405 1874 est.'’
1426 1845 1505 1873 Item
1521 1843 1542 1872 l.
1557 1845 1586 1871 1.
1600 1842 1636 1872 C.
1649 1841 1689 1871 ad

981 1889 1097 1927 Legem
1111 1888 1221 1917 Juliam
1238 1892 1298 1916 etc.
1321 1891 1343 1904 “
1358 1887 1488 1917 Publico
1499 1885 1619 1925 judicio
1630 1894 1689 1914 non

979 1931 1091 1960 habere
1114 1931 1260 1960 mulieres
1283 1930 1427 1960 adulterii
1452 1928 1688 1964 accusationem,

979 1974 1118 2013 quamvis
1136 1974 1174 2004 de
1191 1973 1381 2003 matrimonio
1398 1983 1454 2003 suo
1471 1972 1585 2002 violato
1600 1970 1690 2010 queri

980 2018 1088 2053 velint,
1104 2017 1156 2047 lex
1171 2017 1256 2047 Julia
1271 2017 1425 2046 declarat:
1451 2027 1518 2055 quae
1534 2025 1603 2045 cum
1624 2024 1688 2044 ma·

980 2062 1074 2090 sculis
1086 2062 1156 2099 jure
1166 2060 1266 2090 mariti
1276 2060 1439 2089 accusandi
1450 2058 1624 2088 facultatem
1635 2057 1688 2086 de·

980 2105 1112 2138 tulisset,
1142 2114 1201 2133 non
1229 2104 1310 2133 idem
1340 2102 1460 2132 seminis
1489 2099 1687 2141 privilegium

979 2146 1124 2178 detulit.'’
1165 2145 1250 2176 Hinc
1267 2146 1412 2184 estquod
1428 2146 1608 2175 lamentatur
1623 2153 1687 2173 mu·

980 2191 1107 2220 liercula
1123 2190 1202 2230 apud
1219 2189 1323 2219 Plaut.
1343 2190 1472 2218 Mercat.
1498 2187 1572 2227 [act.
1588 2187 1632 2216 iv.
1647 2186 1686 2216 ad

980 2234 1029 2263 fin.
1033 2234 1047 2275 ]

995 2319 1166 2354 “Ecastor‚
1178 2317 1238 2357 lege
1252 2317 1330 2346 dura
1344 2326 1362 2346 v
1366 2315 1452 2345 ivnnt
1467 2314 1610 2344 mulieres

1022 2361 1207 2398 Multoque'
1200 2360 1352 2399 1niquiore
1369 2358 1490 2388 miserae
1508 2361 1597 2396 q'uam
1613 2354 1684 2386 viri.

1023 2406 1102 2434 Nam
1116 2403 1141 2433 si
1158 2404 1205 2433 vir
1217 2406 1350 2433 scortum
1366 2400 1455 2431 duxit
1466 2401 1543 2430 clam
1558 2409 1684 2429 uxorem

1151 2456 1250 2482 suam,

1020 2490 1057 2520 Id
1076 2489 1100 2519 si
1114 2490 1246 2520 rescivit
1260 2498 1351 2523 uxor,
1368 2489 1486 2526 impune
1501 2489 1548 2515 est
1559 2486 1630 2515 viro.

1020 2535 1111 2564 Uxor
1133 2542 1206 2563 vero
1233 2532 1260 2562 si
1282 2532 1359 2561 clam
1382 2531 1475 2561 domo
1498 2538 1624 2568 egressa
1639 2531 1685 2557 est

1148 2576 1239 2611 foras,

1021 2619 1099 2648 Viro
1114 2619 1148 2648 fit
1162 2628 1266 2655 cansa,
1283 2616 1417 2656 exigitur
1429 2613 1631 2646 matrimonio.

1020 2662 1146 2692 Utinam
1167 2662 1210 2692 lex
1222 2664 1305 2692 esset
1319 2661 1419 2691 eadem
1440 2657 1540 2693 uxori,
1556 2666 1624 2696 quae
1637 2660 1684 2686 est

1148 2705 1222 2735 viro.

1019 2748 1099 2778 Nam
1114 2757 1194 2777 uxor
1215 2750 1357 2779 contenta
1372 2749 1432 2782 est,
1447 2753 1515 2783 quae
1533 2743 1612 2773 bona
1626 2747 1687 2780 est,

1147 2799 1208 2818 uno
1224 2790 1302 2824 viro,

1021 2832 1084 2870 Qui
1111 2833 1210 2862 minus
1236 2831 1285 2862 vir
1312 2841 1371 2861 una
1400 2839 1497 2860 uxore
1524 2833 1684 2887 contentus

1150 2875 1249 2905 siet?''
1269 2875 1341 2904 TAx
1348 2885 1426 2905 Lon.

1020 2956 1063 2987 Ἐν
1077 2958 1147 2998 ὑμῖν
1161 2957 1253 2998 ἐστὶν]
1270 2959 1344 2988 Scit.
1363 2957 1541 2999 διορίζεσθαι.
1565 2957 1684 2988 Rmsir.

1022 3000 1094 3039 Ἐγὼ
1111 3001 1180 3041 γᾶς]
1204 3001 1276 3040 Ἐγὼ
1291 3002 1345 3041 μὲν
1360 3002 1423 3043 γάρ.
1450 3002 1555 3033 Com.
