1819 3219
657 192 972 236 PRAEFATIO
981 223 991 234 .
1520 191 1546 231 9

152 301 253 339 Plut.
276 304 340 341 57.
360 300 462 339 Cod.
483 304 522 338 4.
554 299 761 338 Orationes
797 299 922 350 Lysiae
957 303 1022 345 31,
1056 310 1216 348 quarum
1251 298 1370 348 prima
1409 302 1542 335 contra

101 362 410 408 Eratosthenem,
425 361 557 399 ultima
575 367 709 399 contra
728 360 945 398 Philonem.
967 359 1050 397 Fol.

151 423 251 461 Plut.
268 427 332 463 57.
354 422 452 460 Cod.
473 427 537 460 45.
559 422 684 472 Lysiae
704 421 898 460 orationes
916 426 981 466 28,
1001 424 1084 458 4t0.

147 484 250 521 Plut.
270 487 334 524 57.
356 483 458 522 Cod.
482 487 546 521 52.
562 483 688 534 Lysiae
710 482 786 520 vita
805 481 890 532 ejus
910 481 1148 520 orationibus
1167 479 1378 530 praemissa,
1409 483 1489 516 410.

149 543 255 582 Plut.
276 548 340 585 74.
361 544 460 584 Cod.
481 548 546 583 12.
569 544 699 594 Lysiae
729 545 921 582 orationes
953 542 1114 592 aliquot,
1141 554 1303 593 quarum
1324 539 1445 590 prima
1466 541 1544 589 περὶ

95 604 322 656 δωροδοκίας,
343 611 535 656 postrema
550 604 732 643 adversus
753 605 1050 649 Nicomachum,
1072 608 1153 642 4to.

151 667 252 705 Plut.
271 671 310 705 4.
332 667 432 705 Cod.
454 671 517 706 24.
539 666 731 717 Anonymi
747 666 909 717 [Lysiae]
930 666 1069 704 Oratio
1088 665 1126 703 in
1147 677 1227 710 eos,
1242 664 1308 715 qui
1329 675 1400 714 pro
1419 661 1545 713 patria

97 730 134 766 in
156 728 289 778 praelio
309 728 477 778 quodam
495 728 777 766 occubuerunt.
793 732 873 766 4to.

149 790 263 827 Anno
286 793 401 829 1575.
421 790 471 827 H.
493 789 711 839 Stephanus
729 789 884 827 eosdem
907 795 1080 827 oratores
1096 787 1222 825 emisit
1245 787 1415 825 Lutetiae
1435 786 1544 823 lucu-

94 850 302 889 lentissime
322 851 530 901 impressos
558 851 596 888 in
628 851 718 889 Fol.
738 852 812 889 Gr.
833 850 989 900 adjecta
1010 850 1144 888 Latina
1167 848 1338 887 versione
1372 847 1545 885 omnium

95 911 287 950 AEschinis
307 918 346 950 et
367 911 606 962 quarundam
629 912 758 963 Lysiae
779 912 1025 958 Orationum,
1042 925 1095 950 sc.
1116 910 1161 949 de
1184 909 1458 949 Eratosthenis
1474 921 1546 946 cae-

94 971 140 1011 de
160 973 288 1023 seipso
308 973 532 1024 interprete,
551 974 592 1011 in
612 973 905 1011 Eratosthenem
926 977 976 1011 30
996 975 1141 1011 virum:
1172 973 1215 1010 in
1234 970 1487 1017 Alcibiadem,
1507 976 1547 1008 et

97 1034 388 1082 Dardanarios,
407 1048 454 1073 ex
473 1034 789 1085 interpretatione
809 1034 965 1073 Claudii
986 1035 1201 1072 Groularti.
1239 1033 1301 1071 Ad
1324 1032 1547 1071 AEschinem

96 1097 250 1147 quidem
272 1104 309 1135 et
329 1097 478 1148 aliquot
499 1096 622 1147 Lysiae
643 1096 834 1134 orationes
861 1102 955 1134 vett.
979 1095 1107 1134 Codd.
1128 1109 1203 1146 ope
1225 1108 1264 1133 se
1284 1094 1403 1132 fuisse
1431 1093 1546 1143 adju-

95 1164 176 1196 tum
198 1164 375 1197 testatur.
434 1158 599 1201 Quinam
621 1164 750 1196 autem
772 1158 984 1208 qualesque
1005 1158 1146 1196 fuerint
1167 1171 1242 1195 non
1265 1162 1475 1194 memorat:
1507 1155 1544 1192 in

94 1232 140 1257 ea
159 1232 290 1270 porro,
317 1232 403 1270 quae
429 1218 653 1257 inscribitur
680 1219 874 1271 ἐπιτάφιος
905 1221 1021 1268 λόγος
1054 1226 1132 1263 τοῖς
1161 1221 1363 1268 Κορινθίων
1395 1215 1547 1265 βοηθοῖς

94 1285 121 1302 “
140 1281 343 1330 cujusdam
360 1280 585 1330 exemplaris
606 1281 750 1319 auxilio
770 1281 951 1331 (hominis
972 1282 1093 1332 ipsius
1113 1280 1240 1318 verbis
1261 1280 1364 1326 utor)
1386 1292 1462 1316 non
1485 1292 1546 1316 so-

93 1341 171 1378 lum
188 1341 373 1392 plurimos
393 1342 500 1380 locos
518 1341 751 1389 emendavit,
772 1342 838 1380 sed
860 1342 1008 1392 aliquot
1024 1341 1140 1380 etiam
1159 1340 1371 1386 lacunulas,
1393 1352 1545 1378 necnon

93 1415 268 1452 magnam
300 1403 492 1453 quandam
524 1403 699 1441 lacunam
729 1404 936 1454 explevit.''
993 1405 1138 1454 Magna
1164 1408 1246 1441 erat
1266 1405 1304 1441 in
1325 1415 1371 1440 eo
1391 1401 1545 1439 homine

93 1477 200 1514 cura,
226 1465 440 1503 moderatio
469 1478 546 1503 non
577 1465 711 1503 minor.
770 1466 1011 1516 Scriptorum
1048 1465 1176 1504 Codd.
1210 1464 1430 1503 varietatem
1459 1463 1547 1501 dili—

94 1531 227 1575 genter
245 1533 284 1564 et
304 1526 469 1564 fideliter
489 1527 538 1565 ad
560 1540 664 1565 oram
686 1527 839 1578 paginae
859 1541 939 1565 suae
958 1527 1191 1566 adnotabat:
1219 1526 1407 1565 rarissime
1428 1525 1466 1563 in
1485 1527 1544 1562 lo-

93 1601 181 1626 cum
215 1594 383 1639 receptae
414 1589 594 1626 lectionis
626 1589 898 1627 hariolationes
926 1602 1012 1627 suas
1044 1588 1229 1639 reposuit,
1264 1589 1336 1626 nisi
1371 1588 1437 1626 ubi
1468 1594 1544 1625 tam

94 1662 246 1687 crassus
266 1649 383 1687 suerit
402 1650 538 1700 prioris
559 1650 752 1690 Editionis
768 1664 886 1696 error,
908 1655 931 1674 “
954 1656 998 1688 ut
1018 1651 1140 1688 multo
1161 1651 1277 1689 etiam
1298 1650 1463 1689 crassior
1482 1649 1543 1686 fu-

97 1717 182 1749 tura
197 1717 298 1748 esset
313 1710 361 1748 de
383 1711 650 1749 emendatione
671 1711 907 1749 dubitati0.'’
963 1711 1104 1757 Quam,
1126 1718 1168 1749 ut
1184 1724 1310 1762 spero,
1328 1711 1366 1748 in
1380 1712 1452 1749 hac
1474 1723 1543 1748 no-

95 1779 172 1810 stra
188 1772 279 1809 edit.
294 1785 449 1822 operam
468 1774 616 1820 navavi,
633 1779 672 1810 et
692 1772 806 1811 fidem
829 1773 1038 1818 observavi,
1055 1773 1219 1811 hominis
1236 1773 1344 1811 istius
1365 1779 1402 1811 et
1417 1773 1543 1811 laudis

93 1840 133 1871 et
151 1833 358 1884 diligentiae
377 1846 450 1884 pro
468 1833 609 1883 ingenii
627 1834 784 1872 modulo
802 1847 918 1885 quam
936 1834 1099 1872 maxime
1120 1835 1294 1872 aemulus.

147 1895 330 1933 Vertente
351 1895 508 1940 saeculo,
528 1908 629 1933 anno
658 1909 712 1934 sc.
748 1900 865 1934 1615.
898 1896 1064 1934 lodocus
1089 1896 1244 1934 Vander
1265 1896 1426 1934 Heidius
1449 1896 1544 1934 Bra-

95 1956 235 1995 bantus
257 1956 380 2007 Lysiae
397 1957 588 1995 orationes
606 1961 669 1995 34.
692 1957 829 1996 Latine
857 1970 879 1996 a
907 1972 946 1996 se
975 1958 1146 1996 redditas
1179 1965 1219 1996 et
1244 1958 1417 2008 politicis
1444 1958 1543 1996 notis

93 2018 302 2056 illustratas
323 2019 512 2057 Hanoviae
533 2019 668 2067 edidit,
689 2019 792 2071 typis
808 2019 1068 2058 Wechelianis
1089 2021 1127 2057 in
1148 2019 1262 2059 θνα*
1320 2021 1463 2059 Graeca
1485 2034 1545 2059 re-

93 2079 243 2134 censuit
263 2086 450 2130 notasque
469 2079 517 2117 de
537 2093 582 2118 ea
609 2094 648 2118 re
669 2081 717 2118 ad
738 2081 884 2119 calcem
904 2081 992 2119 libri
1011 2081 1169 2130 adjecit,
1186 2082 1299 2132 cujus
1316 2081 1469 2120 hortatu
1487 2090 1544 2121 at-

97 2154 170 2191 que
186 2140 416 2179 auctoritate
437 2149 617 2192 suscepta
636 2149 718 2181 erat
739 2142 822 2180 haec
841 2142 974 2188 editio,
988 2143 1166 2180 Andreas
1180 2142 1364 2181 Schottus
1378 2145 1545 2182 Antver-

96 2202 253 2253 piens‘s‚
274 2203 315 2240 S.
339 2203 368 2240 Ι.
401 2203 507 2253 quali
536 2203 614 2242 fide
644 2210 712 2241 aut
741 2204 938 2242 divinandi
967 2204 1106 2255 peritia
1131 2203 1255 2255 (libris
1275 2205 1374 2242 enim
1396 2206 1545 2244 calamo

97 2265 250 2315 scriptis
272 2265 573 2314 destituebatur)
592 2273 751 2317 praestat
772 2272 914 2313 tacere,
931 2280 1044 2317 quam
1065 2280 1110 2305 ea
1130 2267 1379 2305 inclementer
1404 2268 1545 2316 dicere,

97 2339 185 2377 quae
203 2326 318 2364 etiam
334 2340 421 2364 cum
443 2327 602 2366 veritate
621 2327 699 2366 dici
719 2328 950 2379 potuissent.

148 2389 268 2426 Porro
288 2389 335 2426 A.
356 2392 473 2428 1683.
491 2389 589 2427 liber
608 2390 669 2427 ille
689 2403 847 2429 recusus
863 2397 946 2429 erat
968 2390 1170 2442 Marburgi
1191 2392 1408 2438 Castorum,
1439 2393 1478 2431 in
1507 2397 1546 2431 8.

97 2457 332 2501 procurante
355 2451 386 2488 Ι.
408 2451 634 2489 Burchardo
655 2452 764 2490 Maio
794 2453 1036 2503 Eloquentiae
1057 2460 1095 2491 et
1115 2453 1296 2491 Historiae
1326 2454 1546 2492 Professore

99 2511 294 2561 primario.
351 2511 450 2556 Quae
472 2512 614 2558 Editio,
636 2513 708 2551 etsi
726 2514 952 2552 testimoniis
980 2520 1073 2553 vett.
1095 2514 1256 2565 Dionys.
1274 2528 1327 2553 sc,
1347 2515 1550 2553 Plutarchi

97 2579 172 2611 etc.
191 2573 239 2611 de
261 2573 390 2624 Lysia,
407 2574 547 2625 quibus
566 2574 674 2625 prior
693 2575 881 2614 instructa
896 2583 990 2623 erat,
1007 2575 1178 2622 carebat,
1195 2577 1374 2626 notisque
1388 2577 1545 2622 ibidem,

99 2635 241 2685 quibus
261 2635 447 2674 Schottus
476 2649 627 2674 suarum
650 2637 942 2675 hariolationum
964 2638 1149 2676 rationem
1171 2638 1340 2688 aliquam
1360 2638 1545 2686 reddidit,

97 2711 142 2736 ea
169 2704 296 2736 tamen
325 2698 526 2749 diligentia
555 2699 602 2737 ad
631 2699 834 2750 imaginem
864 2695 1004 2750 prioris
1034 2713 1214 2750 expressa
1245 2706 1316 2749 est,
1338 2707 1379 2738 ut
1399 2701 1548 2751 singula

98 2760 237 2810 pagina
254 2759 471 2810 inutraque
487 2773 533 2798 ex
553 2773 669 2811 aequo
688 2761 935 2811 responderet
956 2768 994 2800 et
1015 2763 1156 2813 pariter
1175 2762 1420 2812 procederet.

142 2845 802 2886 *Eodemtempore,quoHeidiusLysiam,
838 2847 942 2879 rodem
969 2859 1003 2877 ac
1033 2848 1200 2878 Demadem
1232 2848 1395 2877 Latinitate
1423 2847 1549 2878 donavit

100 2887 269 2927 Alphonsus
280 2888 809 2930 MiniatusBononiensisAntiphon-
847 2896 937 2929 atque
961 2891 1117 2930 evulgavit
1143 2891 1236 2930 typis,
1265 2891 1401 2929 ejusdem
1430 2891 1549 2921 Schoui

102 2934 173 2964 tem,
189 2930 393 2967 Andocidem,
407 2936 439 2961 et
454 2933 564 2962 [saeum
580 2945 587 2962 ι
612 2934 639 2962 Ι.
655 2934 807 2963 Gruterus
845 2939 921 2964 nutu
938 2938 966 2964 et
984 2933 1177 2963 auctoritate.

101 2971 297 3008 Dinarchum,
308 2973 538 3011 Lesbonaclem,
546 2976 802 3015 Lycurgumfle-

838 3030 861 3055 C
