1839 3229
241 187 296 227 58
778 185 969 229 LYSIAE
1000 185 1157 228 VITA.

242 304 405 343 quarum
427 291 600 330 meminit
620 292 782 339 Orator,
798 292 1162 341 inimicitiarumque
1183 302 1270 328 cum
1291 288 1478 341 Philippo
1499 293 1697 339 suscepta-

243 367 343 405 rum,
362 367 409 391 eo
428 354 561 400 modo,
580 367 658 404 quo
678 352 766 404 quis
784 367 912 392 rerum
931 353 970 391 in
993 352 1182 403 superiori
1203 357 1318 390 aetate
1343 357 1535 401 gestarum
1563 351 1696 389 memi-

243 416 344 454 nisse
373 417 494 454 solet:
527 417 570 453 In
591 416 753 466 Olymp.
774 415 900 461 CVII,
920 419 959 453 4.
983 415 1160 452 incidunt
1188 413 1424 464 Olyntliiaca
1453 413 1586 450 XXX.
1607 417 1699 464 post

242 477 369 528 Lysiae
392 478 596 515 decessum
617 490 733 514 anno.
790 478 976 514 Attamen
996 476 1034 513 in
1056 476 1128 514 1130
1149 475 1233 525 ipsa
1253 487 1370 512 causa
1389 474 1620 524 producitur
1640 480 1698 511 te-

242 541 312 578 stis
328 540 601 586 Philostratus,
617 539 730 589 cujus
747 537 1012 576 familiaritate
1029 538 1213 575 utebatur
1226 536 1361 588 Lysias
1377 536 1440 573 ille
1455 536 1697 586 (quicunque
1729 558 1731 560 -

241 600 387 650 fuerit),
409 601 475 652 qui
497 601 729 639 Metaniram
753 599 932 637 initiavit.
988 600 1235 649 Φιλόστρατος
1254 598 1449 636 Διονυσίου
1470 597 1698 643 Κολωνῆθεν

241 667 730 714 μαρτυρεῖ-καταστῆσαι
760 664 809 704 ὡς
837 660 952 699 αὐτὸν
978 659 1132 699 Λυσίαν
1160 660 1223 698 τὸν
1251 660 1441 712 Κεφάλου,
1471 659 1581 710 φίλον
1604 658 1696 697 ὄντα

242 727 340 776 αὐτῷ
362 725 421 760 καὶ
436 722 650 768 ἐπιτήδειον.
706 723 768 759 An
788 722 872 760 haec
893 721 1100 760 convenire
1121 721 1212 760 satis
1234 719 1467 759 videantur?

295 786 357 823 Ad
388 785 615 836 Sophistam
640 784 757 835 igitur
785 784 942 836 Lysiam
973 783 1019 835 (si
1048 783 1135 834 quis
1162 784 1201 821 in
1221 796 1266 821 ea
1285 788 1400 821 aetate
1420 781 1547 828 fuerit,
1579 781 1698 821 fuisse

241 853 369 885 autem
389 847 506 885 alium
529 847 680 897 Lysiam
706 859 753 884 ex
773 845 922 884 ratione
942 852 1160 896 temporum
1182 844 1345 895 patebit)
1365 844 1484 882 credo
1503 857 1547 882 ea
1568 844 1700 882 omnia

241 909 449 960 pertinere,
479 922 568 958 quae
596 909 669 947 sub
700 908 826 959 Lysiae
855 909 1061 959 Ἐρωτικῶν
1082 906 1236 944 nomine
1266 906 1476 944 laudantur
1496 919 1518 944 a
1537 907 1698 946 vetustis

241 971 524 1021 scriptoribus;
554 969 778 1019 cujusmodi
798 976 888 1007 sunt
908 968 1116 1019 Epistolae,
1139 981 1228 1018 quae
1249 968 1340 1005 olim
1370 967 1697 1006 circumfereban-

241 1039 319 1080 tur,
336 1031 571 1076 Amatoriae‚
593 1033 757 1069 maxime
777 1037 903 1069 autem
928 1031 1069 1069 Oratio
1089 1030 1154 1067 illa
1175 1030 1270 1077 (sive
1290 1029 1420 1079 potius
1442 1030 1593 1078 Sermo)
1611 1030 1699 1081 ἐρω-

240 1095 354 1141 τικὸς,
375 1107 464 1144 quae
484 1094 635 1144 integra
654 1098 906 1130 conservatur
926 1092 965 1129 in
987 1091 1158 1129 Platonis
1179 1091 1388 1130 Phaedra*
1444 1092 1540 1129 Eam
1561 1091 1592 1128 si
1613 1092 1699 1142 quis

240 1156 450 1194 arbitretur
469 1154 666 1206 proficisci
688 1167 802 1205 posse
818 1168 865 1192 ex
884 1154 1018 1191 eadem
1038 1167 1168 1200 manu,
1191 1167 1267 1204 qua
1285 1153 1469 1203 profectae
1489 1160 1578 1192 sunt
1598 1154 1700 1192 Ora-

239 1219 380 1264 tiones,
405 1231 502 1268 quas
524 1217 640 1255 hodie
667 1216 814 1267 publici
838 1215 942 1264 juris
963 1215 1137 1261 facimus,
1158 1228 1244 1252 eum
1267 1228 1344 1252 non
1371 1216 1484 1265 κρίσει
1511 1221 1579 1253 aut
1607 1228 1698 1254 acu-

240 1281 356 1326 mine,
386 1280 453 1318 sed
485 1279 665 1317 omnibus
698 1278 830 1329 potius
864 1277 1040 1316 sensibus
1073 1277 1213 1314 orbum
1244 1290 1328 1314 esse
1355 1276 1507 1326 judico.
1563 1278 1699 1316 Talem

240 1342 438 1386 aemulum,
462 1341 685 1392 Sopbistam
709 1354 778 1388 sc„
799 1339 970 1378 nancisci
990 1340 1117 1390 potuit
1138 1339 1349 1385 Isocrates,
1377 1338 1442 1388 qui
1462 1340 1606 1390 saepius
1627 1340 1698 1377 So-

240 1404 397 1455 plastae,
419 1416 534 1454 quam
552 1403 731 1441 Oratoris
752 1415 952 1452 personam
969 1400 1173 1445 sustinuit;
1204 1400 1309 1438 unde
1325 1400 1462 1447 ducor,
1481 1407 1521 1438 ut
1536 1414 1581 1438 ea
1598 1414 1698 1451 quo-

240 1479 330 1517 que,
351 1479 440 1517 quae
461 1465 509 1503 de
531 1478 663 1503 eorum
693 1463 905 1502 inimicitiis
932 1463 992 1502 vel
1024 1462 1271 1501 aemulatione
1301 1461 1500 1508 dicuntur,
1533 1462 1698 1501 Rhetori

239 1535 373 1566 nostro
394 1526 661 1577 abjudicem.†

293 1589 395 1633 Quae
425 1588 588 1627 fortasse
609 1589 730 1627 Crisis
756 1593 839 1638 (seu
859 1593 1121 1627 commentum
1142 1587 1307 1626 fortasse
1327 1587 1449 1625 mavis
1469 1586 1614 1634 dicere)
1633 1600 1698 1625 ex-

239 1650 372 1702 pediet
393 1651 689 1700 quodammodo
720 1650 986 1688 inextricabile
1018 1650 1119 1687 istud
1146 1656 1384 1699 portentum,
1406 1649 1512 1699 quod
1534 1649 1608 1687 sub
1628 1662 1697 1686 no-

240 1713 343 1751 mine
374 1713 671 1763 Epigrammatis
703 1715 740 1751 in
775 1712 932 1764 Lysiam
965 1712 1206 1750 conservavit
1236 1712 1482 1750 Plutarchus.
1539 1710 1637 1749 Nam
1667 1711 1698 1748 si

239 1781 478 1826 repute1nu5‚
496 1788 613 1825 quam
632 1775 753 1812 dubia
769 1774 847 1812 fide
864 1781 1114 1811 monumenta
1131 1774 1236 1811 Vett.
1256 1773 1463 1823 descripsit
1479 1773 1698 1810 neotericus

239 1837 303 1874 ille
326 1836 454 1887 magni
476 1836 644 1874 nominis
664 1836 916 1874 adumbrator
940 1836 1024 1885 (qui
1049 1836 1164 1872 etiam
1185 1835 1327 1885 potuit,
1345 1847 1471 1884 neque
1487 1834 1708 1872 inelemen-.

239 1905 299 1936 ter
318 1911 407 1949 ago,
431 1898 490 1935 vel
511 1898 624 1948 plura
654 1898 939 1948 Epigrammata
962 1895 1145 1942 conflare,
1164 1896 1223 1934 vel
1245 1909 1364 1933 unum
1383 1896 1637 1945 discerpere),
1658 1901 1698 1933 et

236 1965 427 2011 praeterea
449 1959 478 1997 si
498 1959 758 2006 advertamus,
780 1959 880 2003 haec,
904 1971 993 2008 quae
1021 1964 1251 2008 sequuntur,
1274 1957 1322 1995 de
1342 1970 1389 1994 eo
1410 1957 1489 1994 dici
1508 1958 1697 2007 potuisse,

237 2019 350 2069 cujus
372 2020 564 2058 levissima
585 2020 721 2058 notitia
741 2019 790 2057 ad
812 2032 880 2057 nos
901 2019 1068 2065 devenit,
1090 2019 1313 2070 Sophistam
1343 2018 1532 2068 intelligo,
1554 2018 1697 2056 tolera-

238 2082 377 2119 biliora
398 2081 560 2120 fortasse
580 2081 826 2128 videbuntur,
848 2094 936 2132 quae
958 2081 996 2118 in
1019 2081 1122 2118 hunc
1150 2080 1253 2118 diem
1286 2080 1696 2131 praestantissimorum

237 2143 437 2181 hominum
465 2155 630 2182 acumen
649 2144 812 2182 elusere.
870 2142 1108 2194 Μνημονεὺει
1127 2142 1163 2180 δὲ
1184 2145 1295 2180 αὑτοῦ
1315 2144 1373 2180 καὶ
1399 2141 1568 2181 Πλάτων
1586 2143 1627 2181 ἐν
1645 2147 1698 2195 τῷ

234 2205 392 2257 Φαίδρω,
421 2209 469 2248 ὡς
495 2205 704 2243 δεινοτάτου
725 2208 854 2251 εἰπεῖν,
875 2206 934 2241 καὶ
951 2204 1181 2255 Ἰσοκράτους
1198 2203 1465 2255 πρεσβυτέρου.
1520 2204 1696 2251 Ἐποίησε

984 2290 1101 2321 ἕκαστον
1116 2290 1360 2331 ἀποτετόρνευται.
1404 2291 1561 2321 Plutarch.
1577 2291 1616 2320 de
1632 2291 1695 2321 Au-

279 2293 297 2311 *
319 2292 504 2326 Βουληθεῖς“
493 2306 504 2322 ο
524 2293 585 2333 ἀνὴρ
611 2291 732 2332 [Plato]
757 2289 949 2331 ἐπιδείξασθαι

985 2334 1111 2364 dilione.
1164 2339 1184 2351 ‘⁴
1204 2335 1291 2364 Alius
1321 2335 1374 2370 ait,
1400 2335 1456 2364 hoc
1485 2344 1533 2362 me
1564 2334 1695 2372 primum

235 2336 284 2365 ’τὴν
297 2336 382 2364 αὐτοῦ
399 2336 548 2374 δύναμιν,“
541 2347 568 2366 ην
583 2335 660 2376 εἶχεν
675 2334 700 2364 ἐν
715 2336 774 2369 τοῖς
789 2337 950 2368 πολιτικοῖς

235 2377 336 2416 λόγοις,
347 2390 394 2408 ουκ
407 2378 520 2418 ἦρκὲσθη
535 2380 602 2413 ταῖς
612 2380 716 2412 ἄλλους
726 2379 858 2419 γραφαῖς,
870 2379 949 2407 ἀλλὰ

234 2431 282 2450 και
302 2422 453 2461 κξίιτιστον
472 2422 508 2462 (f.
528 2423 608 2451 ἀλλὰ
630 2422 678 2450 καὶ
703 2421 757 2454 εἷς
780 2421 828 2450 vel
853 2432 950 2461 ’ω-ρος

233 2464 401 2504 κξάτιστον)
417 2467 472 2494 τῶν
486 2463 554 2494 ’τότε
575 2464 690 2504 ῥητόρων
709 2463 796 2504 ε’τερον
818 2462 901 2497 αὐτὸς
924 2463 950 2493 ἐν

234 2507 277 2545 τῷ
293 2505 396 2547 Φαίδρω
415 2506 590 2545 συνετάξατο
606 2514 637 2536 λο
632 2507 696 2543 ’γον,
711 2506 836 2547 ἔξωτικόν
851 2507 887 2540 εἷς
902 2508 950 2537 ’τὴν

232 2539 375 2585 ὑπόθεσιν,
385 2560 432 2579 και
445 2548 533 2579 οὐδὲ”
516 2561 585 2591 αχςι
597 2550 698 2580 τούτου
708 2548 869 2590 προελθων’
859 2549 948 2579 επαύ-

233 2603 309 2622 σατο
331 2594 500 2622 καταλιπὼν
517 2593 543 2621 ἐν
563 2594 623 2625 τοῖς
645 2592 878 2631 ἀναγνωσομένοις
901 2595 949 2624 τῆν

234 2635 389 2673 διάγνωσιν,
399 2634 527 2675 ὁπότερός
542 2634 607 2664 ἔστι
619 2634 749 2674 κρείττων
761 2635 852 2673 λόγος,
868 2636 947 2666 ἀλλὰ

232 2678 282 2707 καὶ
303 2680 357 2708 τῶν
379 2678 602 2718 ἁμοιξτημάτων
627 2677 724 2715 ἥψατο
753 2680 808 2707 ’τῶν
834 2678 947 2714 Λυσίου,

231 2723 287 2754 ’τὰς
301 2720 356 2757 μὲν
372 2723 506 2754 λεκτικὰς
519 2723 665 2761 μαρτυρῶν
681 2721 724 2759 τῷ
741 2720 813 2761 ἀνδξῖ
834 2723 946 2762 ἀρετὰς,

230 2766 286 2794 ’τῶν
298 2764 326 2794 δὲ
342 2766 552 2804 πςοιγμοιτικῶν
568 2762 839 2803 ἔπιλαμέοινόμενος.
869 2766 946 2793 Dio-

231 2818 299 2846 nys.
324 2808 426 2837 Halic.
449 2807 548 2846 Epist.
573 2807 609 2835 ad
633 2808 740 2845 Pomp.
786 2807 837 2836 Καὶ
857 2809 911 2847 γὰρ
933 2807 945 2836 0‘

230 2850 353 2880 Πλάτων
365 2849 410 2880 τᾶν
421 2847 521 2880 Λυσίου
534 2848 611 2887 λόγον
622 2849 684 2879 οὔτε
695 2850 775 2879 κατὰ
787 2851 835 2879 τὴν
846 2847 945 2889 εὕρεο-ιν

229 2890 347 2922 ἐπαινῶν
360 2893 407 2922 καὶ
426 2895 475 2926 τῆς
489 2891 610 2931 ἀταξίας
624 2892 788 2931 αἰτιώμενος
803 2890 879 2931 δ’μιυς
894 2892 943 2921 αὖ·

231 2936 281 2963 τοῦ
302 2937 351 2966 ‘riv
372 2935 545 2974 ἐπαγγελίαν
558 2936 594 2975 (l.
610 2933 807 2974 ἐπαγγελίαν)
823 2934 942 2971 ἐπαινεῖ,

229 2977 277 3007 καὶ
296 2977 338 3009 ἔτι
358 2981 414 3009 τῶν
426 2976 569 3019 ὅνομίιτων
584 2981 685 3019 σαφῶς
699 2978 746 3008 καὶ
762 2977 942 3018 στρογγύλως

984 2377 1080 2406 doce:
1106 2378 1177 2407 item
1203 2378 1292 2411 alius,
1317 2378 1374 2407 hoc
1404 2377 1483 2411 volo,
1510 2376 1620 2415 inquit,
1648 2377 1696 2406 di·

984 2431 1080 2456 scere,
1096 2420 1179 2450 istud
1200 2421 1279 2449 nolo.
1324 2420 1385 2449 Hic
1402 2430 1419 2448 a
1437 2419 1603 2460 Symposio
1623 2420 1696 2450 Pla-

984 2464 1063 2493 tonis
1095 2464 1232 2502 incipere
1256 2463 1349 2502 gestit
1373 2468 1500 2502 propter
1522 2461 1697 2493 Alcibiadis

983 2507 1240 2541 comissationem,
1274 2505 1326 2535 ille
1357 2516 1374 2534 a
1402 2505 1533 2534 Phaedro
1568 2514 1695 2544 propter

985 2549 1087 2589 Lysiae
1112 2548 1314 2579 orationem-'³
1358 2548 1478 2577 Gellius
1502 2549 1529 2578 Ι.
1560 2550 1590 2578 9.
1620 2549 1695 2579 Vid-

983 2593 1193 2630 Maxim.Tyr.
1211 2592 1373 2621 Dissertat.
1388 2591 1496 2626 v111.‚
1520 2591 1695 2630 Hermoge-

982 2646 1035 2665 nes
1051 2637 1089 2665 de
1108 2635 1193 2664 ldeis
1207 2634 1362 2664 Orationis
1386 2639 1417 2663 et
1441 2645 1496 2674 σχ.
1518 2634 1555 2662 ad
1579 2634 1694 2670 locum,

982 2678 1113 2707 Aristid.
1137 2687 1164 2707 0.
1187 2677 1267 2707 Plat.
1284 2680 1313 2706 1.
1341 2682 1371 2706 et
1393 2677 1431 2706 de
1448 2677 1695 2717 paraphtliegm„

980 2721 1065 2750 Theo
1081 2731 1106 2750 c.
1125 2722 1155 2749 Q.

1024 2762 1220 2802 †’10·0ng:2†nc
1249 2761 1476 2802 ἄντισοφιστεύει
1507 2759 1610 2802 Λυσίᾳ,
1643 2761 1692 2791 καὶ

979 2805 1129 2846 Γοργιάζει.
1156 2805 1257 2835 Schol.
1274 2805 1423 2844 Hermog.
1442 2815 1472 2843 p.
1490 2807 1562 2834 401.
1595 2804 1693 2835 Ἀλλὰ

977 2850 1033 2887 μὴν
1044 2849 1092 2878 καὶ
1106 2847 1265 2887 Ἰσοκράτης
1281 2847 1293 2876 ὅ
1304 2850 1359 2877 τῶν
1369 2847 1482 2888 ῥητόρων
1493 2846 1695 2886 αἱδημονὲστε-

977 2903 1017 2931 ρος
1029 2891 1196 2931 Μετάνειραν
1211 2889 1285 2931 εῖχεν
1303 2888 1435 2930 ἐρωμένην
1455 2889 1503 2919 καὶ
1519 2892 1640 2926 Καλλῆν,
1657 2891 1692 2924 ὡς

978 2933 1084 2969 Λυσίας
1104 2934 1213 2974 inops?
1230 2933 1256 2963 ἐν
1275 2935 1343 2968 ταῖς
1366 2932 1546 2968 ἐπιστολαῖς.
1579 2934 1690 2964 Athen.

976 2978 997 3008 1.
1013 2980 1064 3009 13.
