1819 3219
460 237 469 247 ,.
513 186 847 231 LECTIONES
881 183 1167 229 LYSIACAE.
1484 186 1560 229 141

122 283 321 327 exeuskpag‘
309 281 511 325 επεχείρησε,
527 281 581 313 καὶ
595 279 719 322 ἐλήφθη
742 279 870 323 μοιχός.
896 281 950 312 καὶ
967 280 1087 312 τούτου
1115 279 1302 316 Θάνατος
1327 278 1348 317 ἡ
1367 279 1494 321 ζημία“
1484 279 1566 311 εστ-ί.

119 349 156 382 p
169 339 301 372 489.1
349 333 573 379 Supplicium
598 343 742 377 nempe,
760 333 859 377 quod
885 333 1042 367 Maritus
1057 333 1147 378 ipse
1164 341 1308 372 sumere,
1332 340 1404 364 non
1423 342 1443 363 a
1461 331 1572 365 Curia

120 396 310 436 exspectan
328 392 429 434 poter
432 391 481 422 at.
529 389 631 433 Ἑμοῦ
650 390 780 431 τοίνυν,
799 385 824 421 ὧ
852 389 981 433 ἄνδρες,
999 390 1030 421 οἱ
1051 390 1111 432 μὲν
1128 388 1223 431 νόμοι
1239 386 1277 419 οὐ
1293 385 1399 429 μόνον
1414 386 1573 429 ἀπεγνω-

121 447 214 486 κότες
231 447 291 479 εἰσὶ
317 447 364 489 μὴ
395 445 533 487 ἀδικεῖν,
564 445 656 477 ἀλλὰ
681 447 735 477 καὶ
760 446 982 483 κεκελευκότες
1012 443 1143 484 ταύτην
1168 445 1233 483 τὴν
1258 441 1353 481 δίκην
1369 441 1571 484 λαμβάνειν.

122 501 230 543 Quod
262 502 292 535 si
320 500 449 534 deinde
472 499 713 544 postularetur
737 510 808 533 uon
828 499 938 542 juxta
955 500 1072 542 legem
1092 497 1228 536 fecisse,
1246 496 1336 541 quod
1352 506 1401 529 sc.
1415 495 1575 540 privatus

121 555 408 601 simultatesficta
425 554 586 600 conjugis
606 554 743 601 injuria
758 554 968 589 obtexuerie:
993 554 1085 600 quod
1110 563 1252 586 uxorem
1268 550 1339 595 ipse
1367 548 1575 583 leima-inatus

109 611 250 657 [μενέω
274 611 511 655 hominemque
536 621 598 644 nec
614 610 809 655 opinantem
826 610 861 643 in
872 609 1042 655 fiuudem
1060 607 1242 645 inlexerit;
1267 616 1338 649 quo
1361 608 1467 648 paeto
1484 604 1521 637 in
1539 604 1574 637 h.

120 677 232 700 causa
248 666 523 699 contendebant
541 665 790 698 Eratosthenis
806 659 1009 706 necessarii,
1027 663 1076 697 ibi
1095 672 1215 696 rursus
1232 659 1432 694 intercessit
1446 658 1577 701 Legis-

122 720 244 754 latoris
260 720 446 764 sapientia,
466 722 514 762 et,
533 731 614 764 quae
633 723 709 753 erat
729 719 949 754 Constitutio
967 720 1088 757 altera,
1103 726 1223 752 CAUSA
1249 723 1431 756 COGNITA‚
1460 713 1579 756 inquit

125 773 200 817 ille,
243 784 360 810 caems
399 784 548 808 OMNlNo
575 784 623 808 NE
649 783 939 809 coNDEMNA'rou
973 783 1038 810 QUI
1067 780 1257 807 MOECHUM
1284 778 1324 803 1N
1352 777 1483 802 uxone
1511 776 1579 801 DE-

123 837 360 864 PREHENSUM
387 839 484 863 DoM!
513 838 737 863 occmEfflT.
788 828 886 870 Quia
902 828 959 872 (ut
973 827 1024 861 ait
1038 827 1132 870 Imp.
1151 824 1362 860 Alexander
1378 824 1402 857 l.
1420 825 1455 856 4.
1475 821 1517 856 C.
1534 821 1580 855 ad

124 883 170 918 L.
189 884 265 918 Jul.
284 884 328 918 de
346 884 529 929 Adulter.)
553 886 575 902 “
588 884 685 928 quod
705 883 856 929 legitime
874 883 1009 917 sactum
1032 886 1099 922 est,
1125 881 1260 915 nullam
1279 888 1430 924 poenam
1464 887 1580 910 mere-

122 938 219 973 tur.'⁷
266 938 543 973 Memorabilem
561 939 654 973 hanc
673 939 940 982 dispositionem
954 937 1061 981 juris,
1080 936 1218 978 legibus
1236 933 1415 968 nostriset
1432 932 1512 966 usui
1528 931 1582 964 in-

124 993 319 1037 cognitam,
352 993 593 1037 Antiquorum
627 993 738 1037 Resp.
771 992 936 1036 plurimae
966 991 1041 1024 sive
1065 990 1219 1023 naturali
1242 988 1324 1031 jure
1354 988 1487 1025 ductae,
1505 985 1583 1019 sive

123 1048 293 1092 exemplo
310 1051 347 1080 et
363 1047 460 1080 fama
477 1042 820 1090 Solonispermotae‚
839 1043 904 1079 sua
920 1045 1028 1078 etiam
1046 1044 1193 1077 civitate
1211 1043 1406 1076 donarunt.
1446 1041 1584 1078 Μόνους

125 1106 209 1146 γοῦν
234 1105 311 1142 τοὺς
337 1105 474 1146 μοιχοὺς
500 1104 717 1145 νομίζουσι
742 1103 897 1134 πολλαὶ
936 1105 1018 1134 τῶν
1042 1101 1207 1132 πόλεων
1244 1096 1443 1136 νηποινεὶ
1476 1095 1583 1127 ἀπο-

126 1171 144 1191 κ
155 1160 247 1191 τείν
259 1171 271 1190 ε
281 1171 292 1190 ι
303 1171 335 1199 ν,
362 1157 519 1197 δηλονότι
535 1156 586 1188 διὰ
604 1158 723 1197 ταῦτα,
738 1155 789 1188 ὅτι
802 1157 1022 1198 λυμαντῆρας
1036 1155 1159 1190 αὐτοὺς
1177 1152 1348 1194 νομίζουσι
1361 1153 1422 1189 τῆς
1439 1153 1507 1182 τῶν
1524 1162 1585 1192 γυ-

126 1216 251 1246 ναικῶν
264 1213 374 1256 φιλίας
395 1214 481 1255 πρὸς
498 1213 574 1249 τοὺς
599 1210 725 1254 ἄνδρας
749 1207 847 1243 εἶναι.
897 1207 1074 1251 Xenoph.
1092 1206 1129 1239 in
1147 1204 1322 1238 Hierone.
1373 1201 1585 1244 Quinetiam

127 1267 304 1301 Veterum
322 1269 405 1299 aute
422 1266 534 1309 Resp.
568 1264 707 1307 legibus
734 1264 963 1297 confirmatas
989 1259 1253 1295 eadem0fuisse
1269 1260 1416 1292 videtur
1433 1267 1534 1291 inens
1550 1259 1586 1290 et

126 1322 314 1366 sapientia.
333 1320 499 1365 Sophocl.
515 1319 644 1363 Ajace,

453 1402 563 1439 Αὐτὸς
580 1400 612 1432 δὲ
629 1401 753 1443 μητρὸς
769 1398 882 1441 ἐξέφυς
896 1397 1068 1441 Κρήσσης,
1086 1395 1131 1438 ἐφ’
1147 1394 1169 1439 ᾗ

451 1455 578 1497 Λαβὼν
595 1455 744 1486 ἐπακτὸν
762 1452 853 1496 ἄνδρ’
866 1452 883 1484 ὁ
900 1451 1067 1494 φυτεύσας
1084 1452 1198 1493 πατὴρ

452 1510 595 1554 Ἐφῆκεν
612 1509 722 1547 ἑλλοῖς
735 1508 868 1550 ἰχθῦσιν
882 1506 1073 1550 διαφθοράν.
1082 1543 1089 1548 ὲ

131 1591 287 1626 Pausan.
304 1590 341 1622 in
357 1588 519 1622 Boeotio.
535 1598 566 1620 c.
584 1589 642 1621 36.
693 1590 830 1630 Πρῶτος
851 1586 882 1619 δὲ
907 1582 1006 1626 οὗτος
1021 1587 1038 1618 ὁ
1050 1585 1189 1626 ίὝηττος
1205 1584 1302 1624 δίκην
1319 1583 1454 1626 μοιχὶας
1468 1580 1588 1623 λαβὼν

132 1646 235 1688 δῆλός
252 1647 333 1686 ἐστι,
350 1646 404 1677 καὶ
423 1644 534 1687 χρόνῳ
560 1643 697 1686 ὕστερον
714 1641 906 1685 Δράκοντος
927 1641 1122 1681 Ἀθηναίοις
1139 1638 1458 1682 Θεσμοθετήσαντος,
1472 1637 1506 1668 ἐκ
1522 1639 1590 1668 τῶν

133 1703 256 1735 ἐκείνου
273 1699 415 1740 κατέστη
442 1700 566 1742 νόμων,
594 1700 651 1736 οὓς
668 1697 808 1740 ἔγραφεν
825 1697 880 1728 ἐπὶ
899 1699 962 1736 τῆς
978 1697 1089 1739 ἀρχῆς
1105 1696 1222 1727 ἄλλων
1239 1705 1272 1725 τε
1289 1693 1425 1725 ὁπόσων
1441 1690 1527 1723 ἄδει
1539 1703 1589 1722 αν

140 1754 227 1790 εἶναι
239 1758 317 1800 χρὴ,
331 1756 385 1788 καὶ
402 1754 442 1795 δὴ
456 1755 510 1786 καὶ
525 1766 590 1796 τιμ
602 1765 651 1796 ωρ
663 1753 728 1790 ίας
752 1765 775 1795 μ
787 1763 880 1794 οιχο
892 1753 923 1784 ὗ.
974 1749 1162 1784 Xenarch.
1179 1748 1318 1782 Comic.
1337 1746 1435 1789 apud
1451 1744 1587 1779 Athen.

137 1811 158 1844 l.
177 1812 232 1844 13.

505 1890 584 1924 Πῶς
600 1885 688 1927 ποτ’,
703 1882 728 1918 ὧ
747 1885 906 1918 δέσποινα
924 1886 1047 1918 ποτνία
1062 1885 1206 1928 Κύπρις,

458 1944 570 1974 Βινεῖν
585 1941 761 1981 δύνανται,
776 1945 844 1973 τῶν
862 1941 1090 1985 Δρακοντείων
1107 1941 1220 1983 νόμων

456 1994 609 2028 Ὁπόταν
626 1996 871 2039 ἀναμνησθῶσι
887 1995 1184 2039 προσκυνούμενοι.

139 2076 191 2110 Ut
205 2075 320 2109 obiter
336 2074 371 2108 id
389 2076 523 2117 notem,
541 2075 659 2118 legem
686 2074 782 2107 illam
808 2074 1012 2113 Dracontis,
1040 2084 1148 2118 quam
1177 2072 1353 2106 memorat
1381 2067 1590 2106 Pausanias,

141 2129 367 2164 conservavit
385 2128 572 2163 Demosth.
594 2139 626 2162 e.
643 2127 853 2162 Aristocrat.
870 2128 935 2173 qui
952 2128 1060 2161 etiam
1087 2125 1304 2161 Pausaniam
1324 2134 1508 2169 perperam
1528 2122 1591 2154 ali—

140 2184 285 2229 quando
302 2183 524 2218 intellectum
542 2183 683 2228 egregie
696 2182 910 2216 inlustrabit.
959 2183 996 2216 'O
1012 2185 1074 2227 μὲν
1098 2184 1201 2227 νόμος
1224 2183 1316 2215 ἐστὶν
1337 2176 1435 2218 οὗτος
1448 2179 1593 2222 Δράκον-

141 2254 198 2280 roc
214 2259 259 2265 -
938 2244 943 2251 ”

620 2317 709 2345 ΕΑΝ
735 2317 807 2345 'HE
834 2316 1117 2346 AIIOKTEINHI

502 2397 525 2420 H
549 2396 590 2419 EN
614 2395 750 2420 ΑΘΛΟῙΣ
779 2395 885 2419 ΑΚΩΝ

505 2447 527 2470 H
551 2446 593 2470 EN
616 2446 709 2470 ΟΔΩῙ
734 2445 910 2470 ΚΑΘΕΛΩΝ

504 2499 527 2521 H
550 2498 592 2521 EN
615 2497 788 2520 ΠΟΛΕΜΩῙ
813 2497 998 2521 ΑΓΝΟΗΣΑΣ

504 2549 527 2571 Η
551 2548 609 2571 Em
634 2547 801 2572 ΔΑΜΑΡΤΙ

504 2599 528 2622 H
552 2598 611 2622 Em
633 2598 747 2622 MHTPI

506 2653 529 2676 H
552 2652 600 2676 En
623 2652 789 2677 ΑΔΕΛΦΗῙ

506 2704 531 2727 H
554 2703 613 2727 Em
636 2704 794 2727 ΘΥΓΑΤΡῙ

504 2755 528 2778 Η
552 2755 610 2779 Em
633 2756 827 2780 HAAAAKHI

508 2807 531 2830 H
554 2807 600 2830 HN
625 2807 669 2829 AN
694 2807 742 2830 ΕΠ
765 2807 988 2832 ΕΛΕΥΘΕΡΟΙΣ
1013 2808 1135 2832 ΠΑΙΣΙΝ
1159 2807 1240 2831 Exul

400 2885 564 2914 ΤΟΥΤΩΝ
592 2886 741 2915 ΕΝΕΚΑ
772 2887 837 2916 ΜΗ
865 2887 1052 2916 ΦΕΥΓΕΙΝ
1080 2886 1351 2916 ΚΤΕΙΝΟΝΤΑ.

155 2958 261 3000 Quod
281 2958 372 2992 inter
399 2959 580 2994 Romanos
606 2961 732 2995 statuit
760 2963 842 2996 olim
870 2962 938 2996 Jus
956 2962 1197 3007 Papirianum,
1216 2962 1319 2996 hodie
1336 2963 1410 2996 sere.
1428 2964 1598 2998 nescitur..
