1839 3229
249 196 299 236 lo
805 196 837 238 Ι.
869 195 1132 238 TAYLORI

298 300 520 352 Singulares
541 301 751 340 Orationes
771 308 838 340 aut
860 303 998 342 Latine
1014 308 1301 354 expresserunt,
1316 307 1383 340 aut
1395 300 1511 340 Notis
1525 306 1564 340 et
1578 301 1698 339 Com-

241 362 434 400 mentariis
454 363 694 401 illustrarunt
714 364 900 410 nonnulli,
921 364 971 403 de
1002 365 1144 416 quibns
1166 378 1254 403 mox
1274 371 1332 402 est
1351 364 1574 402 dicendum.
1630 363 1697 400 Sc.

242 422 450 462 Orationes
469 424 564 462 duas
586 425 733 475 priores
762 438 851 463 cum
882 426 1018 465 Latina
1041 427 1214 465 versione
1244 440 1266 464 a
1294 439 1333 464 se
1359 425 1548 464 adornata
1573 423 1700 462 edidit

247 484 363 523 Ianus
399 485 542 523 Vitalis
582 486 878 525 panormitanus
914 489 1049 526 Romae
1086 490 1190 539 apud
1229 487 1415 526 Iacobum
1451 485 1698 524 Mazochium

245 549 361 584 1515.
394 547 504 584 nonis
528 547 674 598 Aprilis
706 547 743 585 in
776 552 858 587 4to.
889 550 1018 588 Mario
1048 551 1208 588 Maffaeo
1240 550 1507 595 Volaterrano,
1543 547 1701 586 honoris

243 622 373 656 causa,
401 609 617 660 inscriptas.
675 611 898 650 Editionem
930 613 1030 652 hanc
1061 613 1290 652 rarissimam
1310 618 1349 650 et
1370 611 1487 650 semel
1507 615 1701 648 tantum-a

245 684 304 710 me
323 671 440 710 visam
462 673 609 711 claudit
630 674 704 713 hoc.
722 674 981 725 Epigramma.

728 788 800 808 OCT.
825 789 983 811 sx'LanS.
1010 789 1223 813 LAURELIUS·

468 841 488 854 “
506 836 701 877 Praecipuum
718 838 813 869 decus
829 844 875 869 est
890 839 1000 870 iterum
1015 844 1116 869 natum
1133 850 1202 869 esse
1218 841 1315 878 Lyeo,

551 882 674 919 Quique
690 886 777 920 pater
793 883 889 913 fuerat
903 887 1029 913 matrem
1040 883 1183 913 habuisse
1195 883 1316 913 Jovem.

505 923 556 953 Sic
574 925 687 955 Lvsffl
705 925 829 964 scriptis
845 927 996 965 geminum
1013 927 1108 956 decus
1124 925 1258 961 additur,
1273 930 1305 955 et
1319 936 1409 965 quem

548 967 669 997 Graecia
685 969 866 1007 protulerat,
882 980 959 1000 nunc
973 970 1052 1010 polit
1067 968 1191 999 Italia.'’

303 1060 418 1096 Anno
437 1059 579 1098 deinde
603 1065 718 1100 1522.
740 1065 808 1100 4to
835 1063 873 1100 in
901 1062 1045 1114 inclyta
1065 1064 1215 1103 Basilea
1234 1078 1280 1102 ex
1307 1063 1460 1102 aedibus
1479 1064 1538 1101 Io.
1560 1063 1705 1102 Frobe-

250 1120 303 1158 nii
324 1121 407 1159 Cal.
429 1121 537 1169 Maii,
558 1136 634 1162 una
655 1137 743 1162 cum
767 1124 917 1163 Libanii
944 1131 984 1163 et
1012 1126 1196 1165 Isocratis
1222 1126 1463 1165 orationibus
1478 1125 1637 1176 'aliquot
1655 1125 1705 1163 ab

249 1183 411 1222 Erasmo
432 1185 574 1224 Latine
594 1187 725 1233 versis,
746 1187 977 1237 prodierunt
997 1188 1098 1226 binae
1124 1189 1272 1228 eaedem
1294 1188 1502 1227 Orationes
1523 1189 1596 1225 Gr.
1617 1187 1704 1225 Lat.

248 1244 397 1283 incerto
418 1245 641 1299 interprete.
698 1249 881 1287 Ceterum
902 1255 947 1302 ut
964 1251 1136 1301 comperi
1156 1265 1203 1289 ex
1224 1265 1269 1290 ea
1292 1249 1609 1301 interpretatione
1629 1248 1707 1286 ele-

249 1313 386 1357 ganter
404 1307 442 1345 in
462 1323 698 1360 pergamena
714 1318 870 1350 exarata
887 1311 923 1349 in
940 1312 1043 1350 Bibl.
1074 1312 1160 1350 Col.
1185 1313 1320 1352 Baliol.
1350 1313 1480 1350 Oxon.
1511 1311 1707 1361 Interpres

249 1367 322 1407 iste
341 1376 425 1408 erat
445 1371 672 1410 Franciscus
693 1373 920 1424 Philelphus
940 1374 1178 1422 Tolentinas,
1197 1374 1253 1412 vir
1272 1373 1572 1425 elegantioribus
1587 1373 1709 1411 literis

250 1430 496 1470 vindicandis
526 1436 678 1473 natusfl·
737 1435 949 1486 Utriusque
982 1436 1340 1486 interpretationem
1368 1435 1532 1474 Pallanti
1561 1435 1710 1473 Strozae

251 1495 504 1544 nuncupavit,
529 1509 626 1546 quas
646 1496 856 1548 Epistolas,
872 1497 1010 1548 dignas
1030 1504 1149 1542 certe,
1173 1511 1260 1548 quae
1280 1511 1358 1535 non
1377 1497 1560 1549 perirent,
1582 1510 1629 1534 ex
1644 1509 1710 1534 eo-

251 1554 342 1653 (slem
374 1556 472 1597 Cod.
493 1557 698 1609 descripsi,
733 1565 773 1597 et
802 1559 962 1610 primus,
993 1560 1100 1610 quod
1135 1560 1265 1607 sciam,
1298 1559 1413 1598 hodie
1440 1558 1587 1611 publici
1606 1557 1710 1608 juris

272 1630 371 1655 acio.

541 1730 567 1747 “
586 1726 814 1765 Franciscus
832 1726 1062 1778 Philelphus
1083 1727 1270 1779 praeclaro
1291 1726 1424 1777 Equiti

687 1789 852 1828 Pallanti
873 1790 1023 1828 Strozae
1046 1790 1116 1827 sal.
1137 1789 1190 1840 pl.
1212 1789 1278 1827 d.”

308 1867 333 1886 “
354 1864 468 1902 Soleo
497 1871 602 1904 certe
629 1880 921 1918 nonnunquam,
951 1868 1076 1906 Pallas
1105 1869 1162 1906 vir
1191 1867 1417 1913 clarissime,
1454 1866 1639 1917 majorem
1672 1867 1710 1904 in

255 1926 414 1964 modum
432 1928 541 1977 queri
564 1928 822 1978 perniciosam
842 1930 1026 1980 praeteriti
1043 1930 1175 1968 saeculi
1197 1930 1378 1968 adversus
1399 1935 1541 1967 nostrae
1562 1935 1711 1980 tempe-

256 1988 366 2026 statis
387 1989 527 2028 doctos
547 1991 721 2028 homines
740 1991 1016 2042 literarumque
1043 1992 1208 2043 cupidos
1229 1992 1406 2041 injuriam
1425 2004 1433 2029 :
1465 1997 1505 2028 et
1535 1990 1618 2028 illos
1646 2004 1711 2028 ve-

257 2049 424 2089 hementi
445 2052 612 2102 quodam
635 2052 729 2090 odio
749 2053 947 2099 detestari,
971 2066 1135 2104 quorum
1166 2053 1277 2091 inerti
1307 2052 1539 2103 negligentia
1565 2052 1712 2090 factum

256 2117 328 2157 est,
350 2119 392 2150 ut
410 2113 446 2150 in
467 2114 612 2152 amissis
633 2115 738 2152 Vett.
760 2114 1002 2166 Scriptorum
1025 2116 1237 2153 illustribus
1259 2129 1304 2154 ac
1325 2114 1484 2152 infinitis
1501 2127 1624 2165 prope
1645 2128 1710 2151 vo-

258 2173 466 2213 luminibus
487 2180 633 2213 tantam
653 2177 727 2226 ipsi
748 2176 896 2215 cladem
917 2177 1214 2228 susciperemus.
1273 2177 1379 2221 Quid
1402 2176 1502 2214 enim
1521 2176 1633 2214 claris
1655 2176 1712 2214 in-

259 2235 380 2284 geniis
408 2242 472 2274 aut
492 2237 672 2276 acerbius
692 2244 758 2276 aut
777 2239 1039 2277 calamitosius
1072 2239 1249 2277 accidere
1273 2244 1418 2290 potest,
1448 2251 1563 2288 quam
1583 2237 1628 2276 iis
1648 2251 1712 2276 ca-

259 2310 356 2342 rere,
373 2298 514 2347 quibus
530 2299 610 2337 sine
624 2300 748 2337 omnis
763 2314 853 2338 suus
869 2301 1056 2351 splendor
1069 2300 1270 2351 omnisque
1288 2299 1512 2350 magnitudo
1528 2304 1566 2336 et
1580 2312 1713 2336 manca

259 2365 298 2396 et
319 2366 424 2397 muta
447 2360 534 2398 est?
588 2360 712 2399 Nemo
732 2361 925 2412 profecto,
951 2375 1034 2400 mea
1062 2364 1263 2408 sententia,
1290 2362 1362 2400 etsi
1391 2361 1439 2399 ad
1460 2360 1713 2411 equitandum

257 2421 480 2471 aptissimus
505 2422 555 2460 sit
574 2430 724 2471 natura,
743 2425 824 2462 sine
840 2437 943 2475 equo
962 2431 1182 2476 equestrem
1202 2431 1345 2474 teneat,
1368 2437 1480 2462 nemo
1498 2424 1580 2461 sine
1600 2424 1713 2461 armis

259 2484 444 2531 militiam,
465 2499 594 2536 neque
613 2487 820 2538 navigandi
841 2486 1018 2538 peritiam
1042 2486 1121 2524 sine
1139 2486 1314 2536 navigiis,
1332 2490 1462 2535 'neque
1477 2484 1714 2522 architectu-

260 2560 354 2593 ram,
376 2559 504 2597 neque
524 2547 715 2594 fabrilem,
737 2562 864 2599 neque
884 2549 996 2588 aliam
1018 2548 1191 2600 quamvis
1213 2548 1292 2585 sive
1312 2553 1431 2585 artem
1453 2546 1530 2584 sive
1551 2545 1714 2584 faculta-

261 2615 352 2652 tem,
369 2608 435 2646 ubi
457 2609 588 2658 ejusce
606 2610 660 2647 rei
681 2610 876 2649 defuerint
897 2612 1172 2654 Instrumenta,
1195 2609 1419 2647 medullitus
1440 2621 1532 2646 sane
1552 2621 1714 2646 noscere

261 2671 427 2722 quisque
452 2677 584 2721 queat.
642 2671 874 2721 Cujusmodi
896 2686 986 2710 vero
1009 2678 1184 2722 quotque
1204 2671 1392 2708 bonarum
1411 2669 1552 2708 artium
1573 2669 1715 2708 instru-

261 2740 404 2780 menta,
424 2733 476 2769 ob
497 2738 646 2771 tantum
664 2734 774 2784 hunc
788 2741 944 2784 tamque
965 2734 1166 2784 indignum
1183 2739 1354 2770 veterum
1375 2732 1563 2769 librorum
1581 2731 1715 2769 interi-

261 2800 356 2840 tum,
387 2796 646 2846 amiserimus,
677 2796 759 2845 ipse
789 2795 956 2845 optimus
978 2796 1085 2833 testis
1116 2795 1179 2833 sis.
1235 2795 1362 2831 Nemo
1394 2793 1495 2831 enim
1525 2800 1584 2830 est
1616 2805 1714 2832 unus

305 2900 323 2918 *⁶
341 2901 415 2930 vid.
430 2901 457 2931 Ι.
473 2901 571 2931 Henr.
587 2901 699 2940 Foppii
724 2900 880 2931 historiam
897 2900 972 2930 Phi·
1010 2900 1086 2929 sium
1104 2910 1133 2939 p.
1152 2899 1346 2930 aaa—354.
1362 2898 1414 2939 qui
1430 2897 1556 2927 affirmat
1576 2897 1713 2927 Latinam

259 2943 356 2982 lelphi
372 2943 539 2973 litei-ariam
553 2954 590 2973 ex
605 2943 706 2982 ipsius
731 2944 883 2983 Epistolis
905 2944 968 2973 col·
1007 2944 1179 2973 versionem
1196 2943 1302 2972 harum
1320 2943 1406 2972 Orat.
1420 2941 1573 2981 prodiisse
1589 2941 1715 2971 Floren-

258 2986 381 3022 lectam,
400 2991 480 3017 tomo
493 2988 529 3016 V.
545 2987 811 3018 Miscellaneorum
825 2986 965 3026 Lipsien-
1004 2987 1065 3016 tiae.
