1819 3219
543 190 888 235 vLECTIONES
922 189 1212 234 LYSIACAE.
1525 189 1602 233 133

621 304 694 340 Πᾶς
710 314 761 340 τις
777 301 824 344 ἐφ’
840 302 921 345 ὑμῖν
939 301 1133 345 ὀρνιθευτὴς

606 356 739 397 ’Ἰστησι
754 357 916 400 βρόχους,
935 355 1095 399 παγίδας,
1109 355 1268 399 ῥάβδους,

605 410 723 454 ’Ἐρκη,
741 410 894 454 νεφέλας,
911 410 1038 451 δίκτυα,
1055 410 1198 450 πηκτάς·

616 461 700 497 Εἶτα
715 465 885 507 λαβόντες
902 464 1048 497 πωλοῦσ’
1066 464 1221 508 ἀθρόους,

615 519 653 552 Οἱ
667 519 693 551 δ’
707 520 874 552 ὠνοῦνται
889 519 1188 563 βλιμάζοντες.

153 578 253 616 Nihil
270 582 391 615 tamen
402 579 528 614 horum
541 581 702 615 omnium
722 583 767 616 ad
780 583 805 625 β
815 596 891 616 aar
901 583 922 615 ά
933 584 1017 619 ζειν
1034 581 1203 625 pertinet.
1220 580 1319 622 Quid
1332 582 1440 624 ergo?
1465 580 1607 624 Nempe

148 639 190 670 ut
206 636 243 670 in
261 635 376 680 prima
391 645 480 669 voce
496 635 598 669 litera
615 635 755 670 literam
774 636 924 671 similem
949 635 1169 676 similaverit,
1182 635 1234 669 ita
1249 634 1288 669 in
1303 634 1370 668 hac
1389 635 1500 668 altera
1516 635 1606 668 alte-

151 702 227 725 ram
244 690 452 725 excluserit.
501 690 604 734 Lego
620 691 717 725 enim
736 693 1006 730 Βλαστάζειν.
1058 691 1217 734 Hesych.
1246 692 1466 731 Βλαστάζειν,
1484 691 1607 733 βλιμά-

148 749 216 785 ζειν
240 747 269 780 οἱ
293 748 389 780 αὐτοὶ
413 745 437 779 i.
465 756 498 779 e.
525 745 650 780 Siculi.
700 747 772 781 Sed
790 747 951 781 nondum
971 757 1019 780 ex
1044 745 1099 779 his
1115 756 1171 780 me
1187 745 1372 790 expedivi.
1424 745 1607 789 Sequetur

149 801 246 834 enim
263 801 453 835 articulum
473 803 647 846 Βλιμάξαι,
674 803 728 844 βα
740 803 902 843 στάσαι,
929 803 1104 846 ἀτιμάσαι,
1121 801 1315 844 legendum
1334 811 1411 834 esse
1429 800 1604 843 Βλιμάξαι,

146 858 230 899 βλα
241 857 315 890 στά
325 869 403 898 σαι,
428 857 600 901 ἀτιμάσαι,
617 861 724 901 atque
739 858 846 890 etiam
861 859 1004 900 βαίνη,
1019 857 1125 901 ὕβρις,
1139 858 1193 899 βλ
1205 858 1284 900 ίμη,
1302 857 1407 900 ὕβρις.
1433 855 1491 889 Ita
1506 855 1602 888 enim

147 912 268 955 Βλίμη,
287 913 575 956 προπηλακισμὸς,
593 913 698 956 ὕβρις.
747 911 872 956 Atque
890 911 969 944 haec
985 911 1132 955 quidem
1147 910 1333 944 hactenus.
1381 909 1525 943 Deinde
1542 920 1604 942 eo·-

146 965 228 999 dem
240 965 323 1009 jure
341 976 404 1010 pro
422 968 565 1000 Βαίταν.
586 967 722 1005 Βαιτάς.
742 966 903 999 Βαιτάόα.
924 970 1092 1008 Βαιτῶνα,
1111 965 1243 1009 quibus
1267 964 1474 998 nominibus
1491 965 1520 997 οἱ
1537 977 1603 997 πα-

143 1023 233 1054 λαιοὶ
247 1022 448 1055 secundum
467 1021 630 1065 suidam,
647 1022 704 1055 vel
720 1021 888 1062 ’Έλληνες
905 1031 977 1054 sec.
994 1020 1155 1064 Hesych.
1177 1020 1428 1064 significabant
1440 1019 1603 1053 homines

145 1085 303 1120 nequam
332 1079 369 1109 et
390 1076 524 1110 nullius
542 1076 667 1120 precii,
684 1076 839 1110 rescribe
859 1078 1029 1110 Βλίταν.
1050 1076 1218 1116 Βλιτὰς.
1238 1075 1437 1109 Βλιτάδα.
1452 1078 1488 1108 et
1506 1076 1600 1107 Βλι-

143 1143 162 1163 τ
174 1134 197 1162 ὥ
209 1143 270 1163 να.
322 1130 608 1164 confunduntur
628 1137 668 1164 A.
683 1136 720 1165 Δ.
739 1133 775 1164 et
793 1135 832 1164 A.
852 1131 952 1164 δάσο
964 1144 992 1172 ς,
1010 1130 1211 1174 σῦνδενδρος
1226 1132 1342 1168 τόπος.
1361 1130 1383 1162 Ι.
1396 1130 1534 1169 ”Αλσος.
1562 1128 1600 1162 Si

141 1184 246 1226 desit,
264 1185 362 1228 quod
376 1185 506 1218 addam
522 1186 749 1219 auctoritatis
771 1187 834 1219 aut
852 1184 933 1218 fidei
952 1195 1075 1227 causa,
1093 1186 1234 1218 notabis
1252 1185 1381 1218 iisdem
1398 1184 1517 1218 verbis
1534 1195 1600 1217 ex-

146 1238 413 1282 plicarVAMog
429 1250 494 1272 suo
509 1239 546 1273 in
561 1240 651 1273 loeo.
695 1241 837 1283 ”Αλσος,
857 1239 1055 1284 σύνδενδρος
1072 1241 1188 1279 τόπος.
1238 1239 1325 1272 Vox
1343 1239 1420 1272 haee
1439 1238 1600 1272 similiter

140 1294 379 1338 corrumpitur
395 1294 485 1328 infra
501 1295 538 1328 in
553 1297 694 1340 Δρυμός.
718 1298 859 1340 Δρυμὸς,
878 1296 1016 1337 δάσος,
1036 1299 1203 1340 σύμφυτος
1216 1297 1376 1335 τόπος-
1387 1294 1609 1339 σι’]νδενόρος.Ἰ

142 1349 243 1392 Lege
255 1350 383 1390 Ἀλσος
399 1352 435 1383 et
452 1359 510 1383 me
527 1349 678 1384 habebis
692 1350 960 1394 fidejussorum.
1008 1350 1141 1384 Similis
1158 1360 1257 1383 error
1273 1354 1329 1384 est
1345 1350 1381 1383 in
1398 1355 1456 1382 Λα
1468 1353 1600 1393 yemali,

141 1406 246 1439 δεινά.
264 1405 413 1449 Corrige
429 1406 640 1450 Ἀλγεινά.
690 1406 791 1440 Nihil
818 1406 950 1440 verius.
999 1406 1084 1440 Jam
1108 1406 1235 1440 eodem
1263 1407 1323 1445 filo
1348 1416 1437 1439 usus
1463 1405 1544 1440 lnce
1561 1410 1599 1440 et

141 1459 367 1493 Hellenismo
394 1460 545 1493 donabis
574 1460 763 1494 barbaram
791 1461 899 1495 istam
923 1461 1078 1505 glossam
1103 1461 1148 1494 ad
1165 1464 1278 1505 eaput
1299 1461 1411 1494 literae
1433 1466 1471 1494 Δ.
1497 1466 1598 1505 Δαγ-

138 1529 190 1558 μν
202 1518 256 1557 ὸς,
283 1517 424 1560 οἰκτρὸς,
444 1516 561 1556 πένης,
589 1517 743 1556 ἐλεεινός.
791 1516 852 1549 Tu
871 1517 980 1556 enim,
1012 1518 1068 1549 sat
1084 1516 1173 1558 scio,
1195 1517 1293 1558 leges
1308 1517 1540 1559 Ἀλγεινὸς,
1560 1519 1597 1549 ct

140 1569 220 1602 eod.
240 1569 347 1602 modo
360 1569 452 1602 infra
470 1572 657 1612 Δαεινὸν,
677 1571 876 1614 κλαύσιμον.
930 1570 1024 1602 Puto
1041 1576 1068 1603 A
1080 1571 1235 1611 ἰλινὸν,
1255 1571 1455 1614 κλαὺσιμον.
1508 1570 1595 1603 Per-

139 1623 336 1656 miscentur
350 1628 388 1656 T.
402 1627 439 1656 et
456 1629 497 1658 X.
515 1628 541 1656 T
553 1624 652 1665 ήτει,
667 1624 802 1657 σπάνει.
853 1624 953 1667 Lege
972 1625 1030 1663 Χὴ
1042 1638 1079 1657 τε
1089 1638 1109 1656 ι-
1159 1624 1255 1657 Nam
1273 1623 1511 1668 sequentibus
1528 1634 1594 1657 suo

138 1677 174 1709 iu
192 1677 283 1718 loco,
301 1678 415 1718 Χὴτει,
434 1678 595 1721 στερήσει,
614 1678 733 1722 ἐνδείᾳ,
751 1679 885 1711 σπάνει.
936 1677 995 1710 lta
1022 1677 1131 1710 etiam
1150 1678 1316 1711 lubenter
1333 1679 1489 1720 legerem
1515 1683 1594 1718 Χῆ-

138 1745 216 1772 τος,
235 1732 371 1775 ἀπορία.
422 1731 518 1772 Non,
537 1735 613 1773 Χὴ,
648 1734 750 1772 ἔθος,
775 1734 915 1776 ἀπορία.
967 1732 1091 1765 Pauca
1108 1731 1276 1775 adjiciam
1296 1744 1344 1766 ex
1359 1734 1486 1777 glossis
1502 1734 1596 1768 inter

136 1796 175 1819 se
189 1785 355 1819 turbatis.
405 1786 605 1826 Κονιπόόες,
619 1787 823 1830 ὑποδήματα
838 1788 985 1830 μοιχικά.
1034 1789 1055 1826 1·
1076 1788 1351 1830 Κονιορτοπὸὂες,
1368 1789 1528 1832 ἀγροῖκοι,
1547 1791 1597 1833 έρ-

138 1841 250 1884 γάται.
300 1840 403 1883 Lego
421 1840 619 1881 Κονιπόδες,
647 1841 911 1885 κονιορτοπόδες,
925 1842 1086 1885 ἀγροῖκοι,
1103 1842 1253 1885 ἐργάται.
1304 1842 1392 1875 Vid.
1414 1843 1595 1877 Plutarch.

141 1895 282 1937 Quaest.
300 1895 420 1929 Graec.
441 1897 473 1928 l.
525 1895 646 1929 Voces
662 1896 865 1940 ὑποδήματα
882 1898 1018 1939 μοιχικὰ
1032 1896 1154 1929 locum
1171 1895 1230 1930 hie
1248 1896 1378 1930 habere
1396 1901 1595 1942 nequeunt.

136 1950 160 1984 f.
178 1952 345 1995 Spectant
360 1950 404 1983 ad
423 1949 579 1993 glossam
597 1952 794 1992 Κονίσαλοι,
811 1951 996 1995 ἀφροδίσια.
1047 1950 1099 1984 Ut
1116 1951 1221 1994 plene
1239 1951 1285 1984 sit
1302 1954 1496 1993 Κονίσαλοι,
1510 1955 1596 1987 ὑπο-

137 2005 270 2049 δήματα
301 2007 448 2049 μοιχικὰ,
481 2005 665 2050 ἀφροδίσια.
726 2005 904 2048 Legimus
929 2005 967 2038 in
993 2010 1035 2040 H.
1060 2005 1209 2050 Ἠγυᾶτο
1235 2007 1252 2039 ὁ
1276 2008 1468 2050 λαμβάνων
1496 2010 1596 2052 ἤγετο

136 2063 158 2104 1
168 2061 213 2094 Ἥ
223 2074 277 2104 γε,
290 2061 387 2102 αὕτη,
404 2061 490 2100 ἥτις.
508 2060 612 2094 video
625 2060 682 2093 hie
696 2059 761 2094 tris
772 2061 918 2103 glossas.
937 2061 1133 2105 1-Ἠγγυᾶτο
1149 2061 1216 2105 (sic
1234 2061 1329 2095 enim
1348 2062 1463 2106 legas)
1477 2064 1494 2096 ὸ
1507 2065 1596 2108 λαμ-

141 2117 272 2159 βάνων.
320 2113 372 2147 H.
391 2125 423 2147 e.
440 2114 501 2159 qui
519 2118 649 2149 mutuo
663 2115 830 2148 sumebat
845 2114 1055 2159 (λαμβάνειν
1072 2116 1185 2157 enim,
1199 2119 1239 2149 ut
1253 2116 1447 2150 docuimus
1461 2128 1499 2161 p.
1511 2121 1591 2153 338.

138 2171 225 2205 edit.
243 2170 376 2202 nostrae
391 2171 446 2203 est
460 2170 731 2214 quodammodo
747 2179 819 2204 vox
842 2169 1018 2213 usuraria)
1030 2170 1143 2215 fidem
1157 2170 1260 2212 dedit,
1275 2172 1489 2217 sponsionem
1497 2183 1594 2218 prce-

135 2224 237 2260 stitit.
290 2223 346 2257 Eo
361 2223 432 2257 ritu
449 2224 693 2268 saepissimein
711 2225 862 2258 Lexieis
875 2235 984 2259 voces
1000 2224 1135 2268 exponi
1149 2225 1277 2269 solent,
1292 2226 1330 2259 id
1356 2227 1454 2271 quod
1476 2228 1594 2272 dupli-

139 2290 218 2314 cem
237 2287 384 2322 operam
402 2281 572 2321 praestat:
589 2279 746 2313 ostendit
759 2279 867 2322 enim,
885 2279 974 2324 quid
992 2279 1038 2312 sit
1050 2280 1203 2324 Ἐγγυςῖν
1216 2284 1251 2313 et
1268 2280 1359 2325 quid
1371 2283 1592 2327 Ἐγγυᾶσθαι.

141 2335 255 2376 Pergo
281 2335 402 2366 autem
426 2333 471 2366 ad
493 2333 694 2377 proximam
704 2334 860 2376 glossam
879 2345 969 2368 ame
983 2334 1239 2368 fabricandam.
1267 2336 1360 2377 Quae
1384 2341 1441 2371 est
1465 2338 1592 2382 hujus-

137 2389 236 2423 modi
252 2389 417 2432 1Ἤγετο,
430 2385 502 2432 ἦγε.
520 2387 665 2422 Deinde
677 2388 807 2432 †“¹Hye,
819 2391 917 2431 αὕτη,
932 2391 1015 2430 ἥτις.
1044 2389 1126 2422 Jam
1138 2389 1173 2422 in
1189 2389 1244 2431 iis,
1262 2401 1345 2434 quae
1362 2391 1532 2435 leguntur
1556 2394 1592 2427 in

134 2450 174 2478 Δ.
189 2455 237 2477 sc.
254 2444 340 2476 Δαΐω
357 2443 463 2488 μάθω,
488 2444 510 2484 1·
524 2445 649 2485 Δαίων,
669 2445 773 2477 καίων
799 2445 821 2485 1·
838 2446 926 2477 Δαίω
943 2446 998 2477 καὶ
1020 2445 1153 2482 ἐξάπτω
1182 2446 1204 2485 1·
1221 2446 1307 2486 Δάηε
1322 2447 1483 2488 ἐλύπησε.
1503 2449 1591 2482 For—

127 2502 230 2534 ·1asse
254 2498 323 2531 hoc
349 2501 457 2542 pacto
473 2500 584 2531 Δαὶων
598 2500 702 2532 καίων
728 2501 750 2540 1·
766 2501 854 2532 Δαίω
867 2500 961 2543 μάθω
979 2502 1033 2532 καὶ
1050 2500 1193 2536 ἐξάπτω.
1244 2499 1355 2534 Certe
1383 2504 1405 2544 †
1418 2504 1502 2536 Δάκε
1515 2505 1591 2537 ἐλύ-

130 2566 230 2594 πησε.
280 2552 403 2586 Modo
421 2552 518 2586 enim
548 2553 680 2596 Δάκνει,
707 2555 820 2586 λυπεῖ.
873 2553 918 2587 In
937 2559 976 2588 Ω.
996 2565 1086 2587 eave
1103 2558 1209 2598 putes
1228 2554 1305 2588 haee
1323 2567 1401 2590 esse
1416 2557 1590 2602 interpre-

134 2611 306 2649 tamenta,
334 2610 354 2649 †
371 2607 563 2650 Ὠικὲτευεν,
581 2607 655 2651 ᾤκει
684 2611 705 2650 1·
727 2605 928 2653 Ὠκοδόμουν
944 2609 1115 2653 (rescribe
1139 2610 1380 2654 Ὠικοδόμουν>,
1400 2611 1588 2656 ᾠνοχόουν,

136 2673 256 2696 verum
268 2666 423 2706 quatuor
438 2673 556 2705 voces,
566 2673 649 2709 quae
660 2663 954 2707 interpretatione
969 2664 1226 2708 destituantur,
1238 2665 1305 2699 hoc
1320 2670 1426 2711 pacto
1438 2667 1591 2711 (ligerem

227 2717 411 2751 Ὠικέτευον

221 2773 324 2806 Ὤικει

226 2826 438 2872 Ὠικοδόμουν

227 2880 436 2924 Ὠινοχόουν.

138 2934 235 2969 01ιεὶ
257 2934 334 2978 jam
352 2936 446 2970 satis.
