1839 3229
227 167 311 211 254
701 165 736 210 Ι.
771 167 898 211 ΟΤΤ.
932 167 1207 210 SLUITERI

225 279 267 313 et
286 273 451 311 fortasse
472 273 579 312 brevi
598 274 838 314 Archontem
860 276 963 319 fore;
994 289 1034 328 p.
1059 282 1148 318 107.
1168 291 1201 315 v,
1224 280 1288 316 27.
1311 276 1468 315 divitem
1501 289 1586 315 esse
1608 278 1684 315 An-

225 335 409 375 docidem
429 335 586 386 suisque
607 337 718 375 bonis
738 338 966 388 reipublicae
987 344 1202 389 egestatem
1222 351 1336 388 posse
1358 339 1575 377 sublevare.

279 398 473 436 Praeterea
492 398 622 448 plures
642 404 729 436 sunt
748 399 787 435 in
807 398 881 436 hac
901 399 1091 436 Oratione
1112 399 1344 444 locutiones,
1362 413 1451 449 quae
1471 400 1683 451 sophistam

227 460 380 510 sapiant
409 464 449 497 et
475 472 497 496 a
517 459 639 497 veteri
668 459 915 509 simplicitate
934 465 973 496 et
1000 459 1128 510 Lysiae
1149 473 1253 498 more
1283 460 1542 500 abhorreant:
1573 468 1616 500 ut
1644 475 1685 513 p.

226 525 320 561 105.
342 535 379 560 v.
399 524 438 558 4.
471 522 694 573 α’φικόμενος
713 523 766 563 εἰς
784 523 830 558 τά
850 522 1115 571 ἁμαρτήματα.
1136 520 1233 559 ibid.
1254 534 1289 559 V.
1309 526 1375 560 24.
1403 522 1440 568 ἐξ
1467 522 1556 560 ὅσον
1570 522 1687 570 Ἀθη-

224 589 326 624 ναῖοι
349 584 568 634 ἀείμνηστοί
594 585 679 620 εἶσι.
709 581 803 619 ibid.
824 594 859 620 v.
880 585 946 619 36.
967 585 1228 626 καταπλεύσας
1257 585 1310 626 εἰς
1340 583 1604 635 δημοκρατίαν,
1630 587 1685 628 εἷς

226 649 294 693 τὴν
312 646 443 684 ἑαυτοῦ
457 646 584 684 πόλιν.
605 642 829 693 cujusmodi
844 643 1084 682 locutionum
1100 645 1244 683 nullum
1262 645 1366 696 apud
1385 645 1540 696 Lysiam
1555 658 1684 684 exem-

223 708 334 759 plum
352 706 493 746 inveni.

277 769 459 820 Denique
479 782 569 808 cum
589 774 667 807 tres
688 768 832 808 fuerint
850 775 1099 808 accusatores
1115 769 1348 815 Andocidis,
1369 769 1575 820 Cephisus,
1597 769 1687 820 Epi-

223 831 361 870 chares
382 837 421 869 et
441 829 618 879 Melitus,
645 845 669 869 a
688 831 796 869 nullo
816 844 950 869 eorum
968 832 1055 868 haec
1076 831 1218 868 Oratio
1237 831 1342 869 dicta
1360 831 1538 870 videtur:
1568 843 1646 868 non
1663 842 1686 868 a

223 892 424 943 Cephisio,
447 893 631 943 quoniam
651 893 747 931 dicit
767 892 918 930 Auctor
945 892 1248 929 Declamationis
1268 906 1307 943 p.
1326 896 1417 930 106.
1438 891 1478 930 in
1495 891 1562 930 fin.
1591 893 1685 935 ἰ’σως

222 952 288 992 οὖν
309 956 368 992 καὶ
387 958 573 1007 Κηφισίου
601 955 947 1005 ἀντικατηγορήσει,
978 955 1038 990 καὶ
1056 953 1123 1000 ἕξει
1141 953 1175 1000 ὅ,
1194 969 1227 991 τι
1245 955 1364 1002 λέγοι·
1393 957 1444 993 τοὶ
1464 956 1543 1005 γάρ
1563 956 1686 1001 α’ληθῆ

221 1018 295 1067 χρὴ
327 1018 468 1065 λέγειν.
498 1021 588 1054 caet.
645 1015 896 1066 Quapropter
925 1014 1211 1054 inconsiderate
1242 1014 1351 1061 fecit,
1377 1015 1502 1065 quiet
1528 1014 1615 1053 haec
1634 1014 1684 1053 de

221 1077 410 1128 Cephisio
429 1078 551 1124 dicat,
571 1084 611 1116 et
631 1078 760 1116 locum
781 1077 1000 1116 Andocidis
1019 1091 1059 1128 p.
1079 1081 1145 1116 18.
1165 1091 1200 1116 v.
1221 1081 1259 1116 1.
1280 1080 1542 1129 κατηγόρησαν
1559 1077 1596 1116 δὲ
1615 1082 1686 1130 μοῦ

220 1142 281 1178 καὶ
298 1142 376 1192 περὶ
393 1147 466 1179 τῶν
485 1143 715 1192 ναυκληριῶν
735 1142 793 1178 καὶ
812 1141 893 1190 περὶ
912 1147 977 1186 τῆς
996 1141 1185 1192 ἐμπορίας,
1205 1143 1254 1183 ὡς
1283 1140 1356 1192 ἄρα
1385 1140 1458 1178 Θεοὶ
1488 1139 1548 1178 διά
1578 1145 1686 1179 τοῦτο

219 1201 265 1254 μὲ
282 1202 322 1239 ἐκ
340 1209 413 1241 τῶν
433 1201 609 1240 κινδύνων
629 1203 804 1248 σώσαιεν,
823 1202 889 1240 ἵνα
907 1201 1032 1240 ἐλθὼν
1051 1202 1155 1253 δεῦρο
1174 1205 1243 1252 (ὡς
1259 1201 1392 1251 ἔοικεν)
1409 1202 1480 1240 ὑπὸ
1500 1202 1684 1255 Κηφισίου

219 1268 446 1317 ἀπολοίμην·
466 1266 521 1304 ita
542 1265 581 1302 in
601 1278 709 1303 suam
730 1259 964 1303 Orationem'
980 1265 1222 1303 transtulerit
1239 1278 1280 1316 p.
1301 1269 1394 1304 105.
1416 1278 1451 1303 v.
1472 1269 1508 1303 2.
1539 1267 1582 1303 οὗ
1610 1267 1685 1317 γάρ

219 1331 269 1372 ὡς
290 1328 414 1372 δεδιὼς
434 1331 482 1367 ra*
503 1330 747 1379 πεποιημένα,
778 1329 865 1366 ἀλλ’
889 1330 937 1371 ὡς
959 1327 1107 1380 θαρῥῶν
1132 1331 1335 1379 ναυκληρίᾳ
1363 1329 1593 1379 ἐπιθέμενος,
1617 1331 1685 1374 τὴν

218 1391 411 1430 θάλατταν
426 1390 545 1429 ἔπλει.
577 1392 596 1428 ὁ
617 1389 653 1427 δὲ
674 1388 760 1432 θεὸς
779 1391 925 1439 ὑπῆγεν
945 1389 1072 1436 αὺτὸν,
1091 1389 1156 1427 ἵνα
1174 1390 1395 1441 ἀφικόμενος
1415 1390 1465 1432 εἷς
1494 1391 1542 1427 τά
1562 1391 1684 1441 ἆμαρ-

219 1453 369 1503 τὴματα
384 1453 443 1490 ἐπὶ
459 1455 504 1505 τῇ
521 1452 590 1508 ἐμῇ
609 1452 719 1503 φάσει
737 1451 807 1499 (ita
823 1452 925 1502 lego)
945 1450 1017 1503 δῴη
1037 1450 1161 1498 δίκηνε
1184 1452 1293 1500 quasi
1308 1451 1447 1489 Oratio
1461 1463 1485 1489 a
1498 1451 1684 1501 Cephisio

220 1515 356 1553 habita
374 1521 498 1554 esset:
523 1513 750 1552 Andocides
769 1514 872 1552 enim
892 1514 941 1552 ad
958 1513 1157 1563 quoddam
1174 1513 1352 1564 Cephisii
1365 1513 1404 1551 in
1421 1513 1684 1552 Accusatione

219 1576 373 1614 dictum
404 1576 453 1614 de
487 1575 817 1627 negotiationibus
850 1575 927 1613 suis
962 1575 1228 1613 transmarinis
1264 1574 1473 1613 manifesto
1510 1574 1686 1625 respicit.

220 1638 344 1689 Igitur
361 1637 570 1690 Cephisius
591 1636 837 1688 turpissimos
857 1649 984 1674 mores
1004 1636 1087 1686 ipse
1108 1648 1198 1674 suos
1220 1635 1345 1673 fassus
1376 1636 1435 1682 sit,
1463 1635 1684 1685 dixeritque

219 1700 409 1753 Κηφισίου
434 1703 783 1749 ἀντικατηγορήσει.
839 1698 980 1749 Neque
1000 1698 1117 1736 etiam
1145 1698 1196 1736 ab
1216 1697 1410 1748 Epichare
1431 1698 1686 1748 pronunciata

220 1761 294 1800 suit
322 1762 408 1800 haec
441 1762 594 1809 Oratio,
624 1774 745 1812 quum
771 1760 879 1798 dicat
898 1758 1127 1798 Andocides
1147 1771 1186 1809 p.
1207 1763 1273 1798 13.
1293 1772 1330 1798 ν.
1351 1762 1417 1799 27.
1449 1759 1684 1810 Epicharem

221 1822 414 1874 impurum
431 1829 648 1862 scortorum
663 1835 832 1861 amorem
850 1822 923 1860 sibi
940 1821 1218 1873 exprobrasse;
1240 1820 1304 1859 cui
1320 1835 1368 1859 ne
1386 1821 1507 1860 simile
1523 1822 1684 1872 quidem

222 1884 285 1923 hic
304 1885 532 1923 invenimus.
563 1885 704 1923 Melito
723 1884 893 1935 pessimo
913 1883 1176 1934 Sycophantae
1195 1883 1350 1934 Lysiam
1368 1883 1496 1921 stilum
1510 1885 1682 1922 venalem

221 1945 450 1997 praebuisse,
470 1959 518 1984 eo
538 1946 663 1983 minus
684 1951 745 1983 est
765 1944 1020 1989 credendum,
1043 1957 1121 1993 quo
1140 1944 1268 1982 minus
1287 1945 1332 1991 is,
1354 1944 1422 1995 qui
1443 1945 1598 1996 poetica
1624 1945 1682 1983 fa-

222 2008 367 2046 cultate
388 2021 428 2046 se
447 2007 616 2054 efferret,
631 2007 911 2057 literarumque
930 2005 1178 2056 profiteretur
1197 2005 1398 2044 scientiam
1420 2012 1460 2044 et
1479 2020 1604 2054 usum,
1618 2007 1684 2058 qui

221 2071 262 2108 in
283 2070 368 2109 foro
384 2075 424 2108 et
438 2069 754 2108 accusationibus
771 2074 1003 2114 versaretur,
1020 2069 1143 2107 aliena
1157 2081 1278 2119 opera
1292 2068 1507 2119 indigebat,
1523 2074 1565 2107 ut
1583 2082 1682 2116 reos,

222 2133 368 2184 quibus
387 2133 487 2171 male
509 2139 685 2184 cuperet,
705 2132 848 2183 scripta
864 2131 1057 2170 calumnia
1076 2130 1332 2182 disperderet.
1388 2131 1541 2169 Phileas
1560 2131 1622 2170 hic
1644 2131 1684 2170 in

222 2208 384 2234 censum
404 2208 483 2233 non
502 2195 621 2241 venit,
643 2208 664 2233 a
694 2207 773 2245 quo
802 2199 1030 2232 accusatum
1052 2192 1296 2231 Andocidem
1325 2201 1456 2231 narrat
1485 2193 1626 2231 Suidas
1645 2207 1682 2231 v.

220 2258 372 2301 Φιλέας.
400 2257 557 2304 Φιλέας,
585 2256 725 2305 inquit,
745 2255 963 2302 Ἀνδοκίδην
995 2256 1205 2306 ἱεροσυλίας
1236 2255 1441 2306 ἐγράψατο·
1469 2257 1591 2306 ὥσπερ
1619 2257 1684 2293 οὒκ

224 2320 338 2362 αὐτὸς
368 2317 419 2357 ὢν
438 2321 458 2356 ὁ
485 2326 549 2363 τῆς
581 2318 668 2356 θεοῦ
696 2319 737 2356 τὸ
769 2318 990 2368 γοργόνειον
1021 2317 1058 2354 ἐκ
1085 2326 1151 2363 τῆς
1179 2317 1414 2368 ἀκροπόλεως
1441 2317 1597 2368 ὓφελόμε
1618 2333 1680 2359 ος.

226 2380 326 2418 Haec
342 2380 490 2430 quippe
509 2385 549 2417 et
566 2380 682 2431 longe
696 2379 773 2417 alia
788 2392 847 2417 res
863 2384 936 2426 est,
952 2384 990 2416 et
1006 2378 1117 2416 unius
1134 2378 1266 2417 Suidae
1284 2378 1420 2416 nititur
1434 2378 1682 2417 auctoritate.

225 2441 430 2492 Nusquam
449 2442 551 2479 enim
572 2441 716 2479 Phileae
739 2440 971 2479 mentionem
992 2439 1088 2478 facit
1108 2439 1350 2487 Andocides,
1378 2439 1520 2478 nedum
1552 2445 1595 2478 ut
1619 2453 1685 2479 ac-

224 2503 428 2541 cusatoris.

279 2564 322 2602 Si
342 2564 405 2602 cui
424 2577 547 2602 meam
579 2564 636 2602 his
664 2565 902 2617 argumentis
932 2565 1163 2603 sententiam
1193 2565 1316 2602 minus
1336 2563 1594 2615 probaverim,
1615 2563 1683 2600 sed

225 2626 384 2664 aliorum
415 2625 447 2663 is
480 2627 750 2664 auctoritatem
777 2627 985 2672 desideret,
1013 2627 1085 2664 hac
1121 2639 1279 2677 quoque
1309 2625 1465 2663 minime
1494 2637 1682 2662 caremus.

224 2687 329 2726 Nam
348 2693 388 2726 et
407 2687 662 2726 Ruhnkenius
684 2688 788 2727 Hist.
807 2689 904 2726 Crit.
923 2690 992 2726 Or.
1010 2689 1081 2726 Gr.
1099 2702 1137 2739 p.
1153 2693 1218 2727 50.
1251 2700 1328 2725 non
1349 2699 1565 2737 germanam
1583 2686 1683 2724 hanc

224 2750 455 2788 Orationem
478 2750 685 2801 judicavit,
713 2750 980 2788 etdubitasse
1009 2750 1124 2788 etiam
1150 2749 1470 2788 Valckenaerium
1499 2749 1685 2787 indicavit

224 2811 320 2849 mihi
339 2812 409 2850 Vir
428 2812 535 2850 Clar.
555 2813 719 2849 Ioannes
749 2810 954 2851 Luzacius.
1011 2812 1152 2862 Neque
1173 2810 1211 2847 hi
1231 2815 1378 2848 tantum
1401 2809 1471 2847 viri
1500 2809 1681 2847 eruditis-

225 2874 325 2921 simi,
353 2875 421 2914 sed
457 2875 714 2914 Grammatici
744 2888 902 2925 quoque
934 2873 1082 2924 antiqui
1117 2872 1286 2923 spuriam
1319 2884 1402 2910 eam
1435 2878 1683 2910 censuerunt.

230 2935 346 2974 Certe
378 2936 678 2988 Harpocration,
709 2937 774 2985 qui
811 2936 933 2973 tribus
963 2935 1056 2973 locis
1087 2947 1168 2972 eam
1202 2940 1401 2980 memorat,
1433 2934 1491 2972 bis
1517 2933 1628 2972 addit
1651 2935 1682 2969 εἰ
