1819 3219
545 188 876 234 LECTIONES
911 187 1195 230 LYSIACAE.
1504 185 1582 226 147

145 289 181 321 ἐκ
197 286 368 330 προνοίας,
381 285 420 316 ut
431 283 637 317 ostenderet
648 281 835 314 adnotator
850 279 991 323 aliquis,
1006 277 1120 323 qualis
1132 279 1226 309 esset
1237 277 1296 309 lex
1315 274 1585 319 Areopagitica,

144 351 252 386 quam
267 339 398 374 Orator
414 339 546 373 laudat.
596 336 696 371 Nihil
713 347 757 370 ea
772 334 1023 369 emendatione
1040 333 1166 367 verius.

820 427 910 462 VII.

356 514 630 540 ῑΤΡΑτετΕΣΘΑι
646 512 755 538 ΜΕΧΡι
771 510 1064 537 TETTAPAKONTA
1083 509 1179 534 ΕτΩΝ
1196 508 1243 532 Ao
1262 506 1366 531 nssuz.

191 569 326 612 Legem
346 569 436 602 hanc
449 569 490 601 de
507 575 606 602 celate
623 567 780 608 militari,
796 576 1001 610 quanquam
1022 574 1089 596 non
1108 573 1149 595 ea
1165 562 1293 594 diserte
1307 571 1327 593 a
1343 559 1587 603 Lysialaude-

142 626 216 664 tur,
239 623 391 663 adduxi,
418 623 585 665 quoniam
607 623 642 655 in
662 629 746 654 uota
771 622 812 654 ud
832 633 865 664 p.
889 623 969 653 244.
989 619 1085 652 illam
1109 617 1222 651 multo
1248 616 1366 649 labore
1390 613 1585 647 vindicavi.

144 678 185 712 P.
200 679 244 711 A.
266 687 379 723 usque
393 678 438 710 ad
451 687 584 710 annum
598 679 643 710 60
658 676 761 716 (sive,
776 676 871 721 quod
888 674 1035 719 perinde
1052 676 1117 712 est,
1132 673 1174 705 ad
1191 681 1326 704 annum
1347 672 1393 703 42
1411 669 1466 713 ἀφ’
1485 669 1586 712 ἥβης)

142 731 279 765 militiae
304 741 449 775 operam
475 729 586 764 dedit.
639 731 720 764 Non
744 741 827 773 ergo
854 726 1139 771 Quadi-agenarii
1162 724 1375 770 simpliciter,
1400 728 1441 757 ut
1463 734 1587 757 omnes

142 786 215 820 fere
228 788 310 819 ante
322 795 379 818 me
394 795 547 825 sensere,
563 785 625 817 sed
643 784 928 826 Quadragenarii
943 784 996 827 ἀφ’
1013 784 1099 825 ἥβης
1113 794 1133 815 a
1146 780 1270 815 militia
1286 780 1473 812 vacabant.
1501 779 1589 812 Gra-

141 840 286 874 vissima
301 842 377 874 erat
391 840 497 873 petiti
514 840 549 874 in
565 839 630 873 hac
642 840 687 872 de
705 851 742 873 re
761 838 1003 879 hallucinatio,
1022 848 1126 881 quam
1143 836 1303 880 pluribus
1318 835 1339 868 1.
1357 845 1389 867 c.
1408 831 1585 876 redargui.

812 944 925 978 vul.

369 1034 519 1058 Ammon
535 1031 760 1057 mauszN‘rA
777 1028 986 1055 EAETOEPON
1003 1028 1181 1053 ΓΕΝΕΣΘΑι.
1200 1033 1228 1062 p.
1247 1024 1317 1053 274.
1335 1025 1363 1052 8.

190 1103 410 1146 Quanquam
429 1101 582 1135 Athenis
606 1099 712 1134 Servo
736 1098 922 1133 testimonii
944 1098 1048 1131 dictio
1072 1108 1140 1130 non
1166 1103 1254 1137 erat,
1281 1101 1320 1130 ut
1344 1098 1513 1131 discimus
1539 1108 1587 1131 ex

145 1156 356 1191 Comoedia:
384 1166 589 1200 quanquam
616 1154 739 1188 itidem
770 1154 908 1192 Romae,
935 1153 990 1186 vel
1009 1156 1149 1196 propte!⁴
1174 1151 1342 1185 lubricum
1368 1152 1514 1192 consilii,
1531 1153 1587 1186 vel

143 1210 349 1244 condicionis
365 1209 546 1243 infamiam
563 1219 639 1241 raro
658 1209 703 1242 ad
721 1207 905 1242 testimonii
911 1207 1022 1252 fidem
1040 1206 1297 1240 admittebatur
1311 1207 1398 1249 (vid.
1417 1208 1438 1239 Ι.
1455 1210 1490 1241 3.
1510 1207 1539 1250 ξ.
1552 1209 1586 1241 5.

144 1266 195 1300 1).
210 1267 255 1300 de
270 1266 448 1299 Testibus.
498 1264 776 1307 Rescripserunt
793 1263 888 1296 enim
908 1263 1027 1307 Impp.
1048 1262 1298 1294 Diocletianus
1315 1264 1352 1294 et
1368 1261 1585 1295 Maximian.

143 1321 305 1354 “Servos
316 1330 378 1364 pro
393 1319 561 1358 Domino,
576 1317 880 1362 quemadmodum
896 1317 1066 1350 adversus
1077 1325 1157 1349 eum
1169 1315 1375 1357 interrogari
1388 1325 1456 1347 non
1472 1325 1587 1359 posse:

141 1387 206 1421 pro
223 1376 318 1410 facto
337 1379 457 1409 autem
476 1386 542 1409 suo
559 1374 767 1417 interrogari
784 1384 889 1417 posse
911 1383 981 1406 non
1001 1372 1236 1414 ambigitur:'’
1261 1371 1306 1405 L.
1326 1371 1418 1404 unic.
1439 1371 1486 1404 D.
1505 1371 1586 1405 eod.

142 1431 250 1477 Unde
269 1431 347 1465 Cic.
370 1441 432 1475 pro
456 1430 642 1469 Deiotaro,
664 1428 741 1461 init.
782 1431 802 1445 “
819 1427 914 1461 Nam
938 1438 1021 1461 cum
1043 1437 1139 1460 more
1162 1425 1345 1469 Majorum
1369 1426 1414 1458 de
1435 1435 1534 1458 servo
1552 1425 1589 1458 in

142 1486 329 1520 dominum
344 1496 388 1518 ne
402 1485 586 1518 tormemis
597 1483 745 1528 quidem
758 1483 869 1526 quaeri
885 1483 999 1521 liceat,
1010 1482 1044 1514 iu
1059 1492 1130 1526 qua
1144 1480 1346 1525 quaestione
1358 1477 1458 1513 dolor
1470 1490 1588 1513 veram

142 1551 267 1574 vocem
286 1541 414 1575 elio‹›re
433 1539 554 1583 possit,
576 1539 682 1571 etiam
695 1538 738 1571 ab
755 1538 867 1571 invito
883 1538 984 1581 eta),
1001 1537 1144 1570 abunde
1166 1541 1284 1569 1amen
1303 1538 1444 1569 constat
1460 1534 1590 1580 injure

143 1595 418 1630 Atheniensium
435 1593 567 1638 publico
586 1596 693 1636 atque
710 1591 747 1626 in
774 1592 878 1635 Reip.
894 1591 1047 1633 negotiis
1066 1592 1263 1624 libertatem
1282 1590 1400 1624 Servis
1423 1589 1591 1632 sponderi

143 1649 276 1683 indicia
290 1647 516 1687 facientibus,
530 1646 725 1680 dummodo
743 1657 825 1679 vera
838 1657 915 1679 esse
931 1645 1206 1688 comparuerint.
1244 1644 1330 1683 Vid.
1346 1644 1491 1686 Lysiam
1508 1653 1588 1686 pag.

144 1706 225 1738 187.
247 1704 300 1736 ed.
323 1702 445 1736 Reisk.
472 1705 507 1734 et
523 1700 704 1735 Andocid.
721 1712 754 1744 p.
771 1703 807 1742 2,
823 1704 857 1735 3.
880 1700 977 1733 Edit.
997 1699 1119 1743 Steph.
1140 1698 1201 1731 ubi
1220 1698 1416 1732 Alcibiadis
1434 1698 1590 1730 facinora

145 1758 353 1793 deferebant
371 1756 528 1790 maxime
546 1756 657 1789 Servi.
708 1756 790 1789 Non
813 1755 1042 1799 poenitebant
1058 1754 1151 1787 enim
1170 1754 1300 1797 Remp.
1318 1753 1493 1787 admoneri
1514 1763 1588 1785 suae

144 1813 269 1848 salutis
286 1813 340 1845 vel
359 1812 402 1844 ab
424 1812 545 1844 infima
561 1811 751 1854 plebecula
766 1820 774 1843 :
787 1810 900 1855 fldem
916 1820 1033 1842 rerum
1054 1813 1232 1850 gestarum
1251 1818 1322 1841 non
1340 1808 1407 1841 nisi
1430 1808 1473 1840 ab
1488 1808 1588 1850 inge-

142 1867 224 1901 nuis
245 1867 410 1909 accipere
433 1865 560 1898 voluit.
610 1864 711 1898 Male
737 1864 829 1897 hanc
856 1867 991 1907 partem
1021 1862 1121 1895 Juris
1147 1863 1262 1896 Attici
1289 1861 1460 1904 neglexit,
1481 1871 1588 1906 quem

142 1924 265 1955 tamen
280 1920 326 1954 ob
343 1918 565 1963 diligentiam
580 1929 807 1963 summopere
825 1918 944 1960 miror,
963 1918 1058 1951 Sam.
1076 1916 1231 1951 Petitus.

808 2053 809 2057 ,
829 2026 904 2061 lx.

292 2115 360 2140 EAN
374 2115 432 2139 τη
451 2113 567 2138 APXHN
585 2113 627 2138 EN
644 2113 838 2139 z'rnmmm
857 2111 1031 2137 ΛοιΔοΡΗι
1050 2110 1242 2136 ΖΗΜιΩΣΑι.
1259 2116 1290 2145 p.
1307 2107 1381 2138 5320.
1394 2107 1449 2136 ult.

187 2183 363 2223 Vertitur,
379 2182 420 2217 Si
436 2182 511 2228 quis
530 2181 894 2227 Mayistratuiforum
911 2180 1029 2226 agenti
1046 2180 1272 2222 maledixerit,
1286 2180 1394 2215 mulla
1407 2182 1438 2215 ei
1453 2182 1593 2228 inroga-

144 2245 214 2275 τον.
260 2238 318 2272 Tu
333 2240 441 2277 verte,
457 2236 578 2282 Siquis
591 2237 737 2270 omnino
752 2237 788 2269 in
806 2236 900 2270 Foro
913 2235 1065 2269 convicia
1068 2234 1215 2279 fecerit,
1233 2235 1339 2270 multa
1356 2237 1388 2270 ei
1402 2237 1591 2282 inrogatur.

147 2293 334 2334 Quantum
358 2294 479 2324 nostro
503 2291 649 2334 ingenio
667 2291 797 2324 debeat
817 2291 897 2323 Lex
914 2291 993 2331 ista,
1015 2291 1121 2323 malui
1144 2301 1188 2323 ex
1213 2291 1291 2324 loco
1309 2292 1395 2324 disci
1414 2292 1591 2335 adlegato,

146 2358 255 2393 quam
282 2347 338 2380 hic
366 2348 537 2389 repetere.
590 2346 766 2388 Repetam
793 2348 911 2377 tamen
943 2344 1236 2387 pei-paucissima.
1286 2346 1350 2389 (l.)
1376 2346 1447 2386 Qui
1477 2348 1591 2389 legem

146 2401 309 2443 adducit,
326 2401 553 2434 deferebatur
568 2400 666 2443 quod
683 2399 719 2432 in
736 2399 832 2432 Foro
845 2399 1042 2443 ἐλοιδόρησε,
1059 2409 1128 2431 non
1144 2401 1240 2443 quod
1260 2400 1491 2442 Magistratui
1510 2412 1595 2435 con-

145 2455 241 2490 vicia
258 2454 393 2488 fecerit.
442 2454 509 2496 (2.)
534 2452 627 2487 Cum
647 2453 763 2496 legem
782 2453 865 2486 alibi
884 2453 917 2486 iu
939 2453 972 2486 h.
991 2453 1153 2486 oratione
1171 2454 1339 2494 adducat,
1354 2456 1411 2489 vel
1430 2466 1505 2489 rem
1530 2467 1594 2498 ge-

147 2513 238 2544 stam
253 2512 381 2550 narret,
401 2509 445 2542 de
460 2508 531 2542 loco
548 2508 659 2552 (quod
674 2511 729 2542 est
743 2509 966 2551 praecipuum
982 2511 1093 2550 caput
1107 2507 1209 2551 legis)
1224 2509 1365 2547 omnia3
1390 2510 1433 2542 de
1443 2522 1595 2555 persona

147 2564 245 2598 nihil.
271 2568 335 2598 Τοῦ
352 2566 412 2607 μὲν
429 2565 533 2607 νόμου
551 2563 732 2607 διαρῥὴδην
749 2563 969 2607 ἀγορεύοντος
991 2565 1090 2602 τοὺς
1106 2564 1147 2596 ἐν
1163 2567 1216 2606 τῷ
1240 2565 1448 2608 συνεδρίῳ
1465 2565 1595 2598 λοιδο-

147 2622 324 2664 ροῦντας
342 2621 492 2663 ζημιοῦν.
543 2618 591 2651 Et
611 2627 730 2650 rursus
749 2628 783 2660 p.
799 2619 879 2651 325.
896 2620 929 2650 8.
947 2618 974 2650 εί
989 2620 1053 2661 γὰρ
1069 2619 1209 2661 φανερός
1226 2619 1287 2661 εἰμι
1303 2622 1348 2662 μὴ
1367 2620 1473 2652 ἐλθὼν
1490 2620 1534 2659 είς
1551 2622 1594 2652 τὸ

149 2673 382 2717 συνέδριον,
404 2674 421 2706 ὁ
445 2673 477 2706 δὲ
497 2673 598 2716 νόμος
615 2674 709 2711 τοὺς
722 2673 843 2712 ἐντὸς
859 2673 1214 2716 πλημμελοῦντας
1229 2674 1377 2716 ἀγορεύει
1391 2677 1456 2714 τὴν
1474 2676 1596 2715 ζημίαν

149 2729 300 2770 ὀφείλειν.
347 2726 416 2770 (3.)
441 2727 537 2766 Solo,
555 2726 615 2770 qui
639 2725 883 2771 gravissimam
898 2736 1043 2769 poenam
1061 2727 1186 2760 statuit
1204 2728 1255 2760 eis
1274 2729 1334 2771 qui
1353 2727 1460 2760 ubivis
1475 2726 1596 2768 Magi-

149 2781 275 2814 stratui
285 2781 449 2814 convicia
460 2780 627 2814 fecissent
642 2782 734 2823 (erat
746 2780 841 2813 enim
860 2781 914 2813 vel
929 2781 1045 2823 ἀτιμία
1058 2780 1166 2823 juxta
1182 2780 1598 2823 Demosthenem‚jnxta

149 2834 345 2878 Ulpianum
361 2846 454 2868 mors
471 2835 574 2879 ipsa),
593 2845 661 2868 non
679 2834 806 2878 utique
823 2833 977 2868 leviorem
994 2833 1184 2878 (mulctam
1203 2835 1268 2878 sc.)
1286 2836 1451 2868 statuerit
1472 2834 1522 2867 eis
1536 2835 1597 2879 qui

151 2887 434 2923 conviciarentur
451 2889 566 2922 eidem
589 2888 627 2921 in
650 2888 747 2922 Foro
769 2891 877 2932 atque
902 2887 939 2922 iu
961 2888 1044 2932 jure
1070 2889 1237 2923 dicundo.
1286 2889 1381 2922 Nam
1400 2899 1470 2921 sec.
1494 2889 1594 2923 Paul.

153 2942 315 2977 sentent.
340 2942 493 2986 Recepi.
513 2942 542 2985 ξ.
569 2945 623 2975 10.
642 2942 696 2977 tit.
719 2942 765 2976 de
783 2942 947 2985 lnjuriis:
976 2944 999 2961 “
1020 2942 1137 2976 Atrox
1163 2943 1293 2985 injuria
1311 2943 1508 2976 aestimatur
1533 2947 1594 2977 aut
