1870 3229
721 582 1168 631 ΛΥΣΙΟΥ

868 703 1021 742 ΚΑΤΑ

255 816 672 860 ΕΠΙΚΡΑΤΟΥΣ
714 817 821 859 ΚΑΙ
864 817 1019 859 ΤΩΝ
1063 815 1644 860 ΣὙΜΠΡΕΣΒΕὙΤΩΝ

696 940 731 981 Ε
760 940 802 981 Π
829 939 848 980 Ι
876 941 916 981 Λ
944 939 986 982 Ο
1015 940 1052 982 Γ
1080 939 1122 983 O
1153 939 1213 982 Σ..

760 1166 794 1203 Υ
811 1166 847 1204 Π
864 1166 897 1204 Ο
909 1167 942 1204 Θ
960 1167 991 1204 Ε
1008 1167 1041 1204 Σ
1057 1167 1073 1204 1
1089 1167 1138 1204 Σ.

140 1251 216 1290 Pag.
278 1251 425 1299 Epilogus
443 1251 509 1281 sive
531 1251 720 1291 δευτεξολογία
736 1253 948 1288 accusationis,
969 1263 1034 1292 quae
1051 1253 1223 1292 Epicratem
1240 1258 1270 1283 et
1286 1253 1392 1284 Socios
1406 1253 1485 1283 male
1502 1258 1595 1293 gestae-
1612 1254 1668 1283 Le-
1687 1257 1762 1296 Pag.

167 1295 215 1324 ed.
235 1295 363 1333 gationis
380 1305 446 1324 reos
461 1295 597 1324 sistebat.
1685 1300 1733 1329 ed.

112 1337 216 1367 Rei-sk.
1685 1343 1839 1381 H.Stepl1.

342 1372 351 1387 Ι

138 1385 216 1418 806
308 1396 366 1422 a.
408 1380 872 1423 KATHFOPHTAI
906 1369 1001 1442 μὲν,
1029 1370 1063 1422 555
1098 1368 1242 1447 ἄνδρες
1266 1371 1508 1434 Ἀθηναῖοι,
1538 1371 1842 1426 'Em-1¹77.40

138 1458 214 1494 807
232 1444 417 1513 κράτους
451 1445 586 1496 ἱκανοὶ
622 1445 700 1496 καὶ
742 1445 827 1497 τῶν
865 1445 1254 1521 συμπρεσβευτῶν·
1296 1445 1586 1515 ἐνθυμεῖσθαι
1625 1445 1668 1500 δὲ

230 1519 318 1595 χρῆ
342 1520 408 1571 ὅτι
442 1519 674 1578 πολλάκις
698 1518 917 1581 ἠκούσατε
946 1517 1107 1571 τούτων
1134 1518 1366 1586 λεγόντων,
1394 1519 1536 1572 ὁπότε
1562 1520 1667 1582 βού-

228 1592 373 1646 λοιντό
410 1618 507 1645 τινα
538 1591 701 1652 ἀδίκως
732 1594 977 1657 ἀπολέσαι,
1006 1590 1094 1658 ὅτι,
1132 1593 1169 1645 εἶ
1200 1594 1264 1665 pen*
1302 1592 1667 1662 καταψηφιεῖσθε

228 1668 280 1720 §v
320 1667 445 1720 αὐτοὶ
487 1668 747 1730 κελεύουσιν,
786 1667 1020 1736 ὑπολείψει
1060 1669 1176 1739 ὑμᾶς
1214 1670 1239 1731 ἦ
1275 1668 1545 1744 μισθοφορά.
1587 1666 1666 1721 καὶ

229 1743 294 1794 νῦν
321 1740 432 1794 ου’ὃέν
456 1742 586 1804 ἧττον
615 1743 819 1795 τοσοῦτον
845 1741 960 1806 ἐνδεῖ,
988 1744 1092 1802 dicre
1121 1745 1173 1796 τό
1196 1741 1274 1814 μὲν
1302 1744 1516 1805 Ῑπλῆθος
1540 1741 1618 1796 καὶ
1641 1743 1666 1806 ἧ
1689 1760 1772 1798 178.
1790 1762 1813 1795 1

763 1858 772 1874 ¹
797 1857 906 1891 πλῆθος
919 1860 973 1887 τῶν
987 1858 1085 1887 ὀνειδῶν
1099 1860 1136 1888 Α.

272 1941 514 1981 ΕΠΙΚΡΑΤΟΎΣ]
551 1941 612 1970 Pro
637 1941 715 1970 omni
740 1942 840 1970 labore
871 1940 929 1969 erit

230 1984 398 2018 consulere,
421 1994 486 2023 quae
504 1984 549 2012 vir
571 1982 795 2013 eruditissimus
812 1984 854 2013 H.
867 1983 927 2012 Va-

227 2027 324 2056 lesius
339 2027 377 2056 de
390 2027 447 2055 hoc
464 2026 606 2064 Epicrate
621 2026 775 2064 congessit
789 2025 819 2054 in
838 2025 927 2054 Notis

229 2070 265 2099 ad
284 2070 433 2109 Harpocr.
452 2079 482 2108 p.
500 2071 571 2100 0287.
616 2070 695 2099 Nam
708 2069 745 2098 ad
762 2069 840 2098 hunc
854 2068 928 2106 Epi·

229 2118 340 2142 cratem
363 2113 475 2142 referre
503 2123 558 2141 non
586 2112 701 2147 dubito,
728 2122 794 2151 quae
817 2112 928 2140 habent

230 2156 388 2185 Demostli.
414 2155 577 2185 Athenaeus
603 2154 714 2194 aliique
744 2155 772 2183 in
799 2165 834 2183 eo
858 2154 927 2184 loco

228 2199 360 2228 adducti.
383 2198 541 2228 TAYLon.

271 2241 464 2281 mmoroz]
491 2242 572 2271 Loco
583 2241 630 2269 τοῦ
641 2246 817 2271 ΕΠιΛοΓοΣ
829 2240 926 2270 Codd.

233 2284 301 2313 Ald.
319 2289 349 2313 et
370 2284 534 2313 Vaticanus
560 2284 649 2325 (Vid.
673 2284 772 2322 Ryck.
789 2283 924 2321 Catalog.

228 2327 373 2356 ineditum
394 2328 666 2366 Manuscriptorum
686 2327 738 2356 lib.
757 2328 855 2356 Graee.
874 2326 926 2355 Bi-

230 2370 335 2398 blioth.
354 2370 450 2399 Vatic.
470 2370 499 2398 in
523 2369 707 2399 bibliotheca
732 2369 828 2408 Regia
848 2369 925 2398 Can-

228 2412 306 2451 tab.)
318 2412 427 2441 habent
439 2413 472 2445 ὡς
483 2412 623 2451 Θεόδωξος.
645 2413 808 2451 Antiquior
818 2412 927 2451 procul

228 2455 320 2484 dubio
336 2454 392 2483 fuit
407 2454 551 2490 Criticus,
568 2456 617 2494 qui
643 2455 740 2494 Lysiae
764 2465 855 2494 opera
877 2466 923 2484 re-

228 2498 355 2532 censuit,
371 2498 435 2527 sive
455 2498 511 2526 fuit
533 2499 584 2528 ille
606 2498 780 2528 Theodorus
804 2498 922 2537 Byzan-

228 2542 298 2577 tius,
311 2551 327 2570 a
343 2541 469 2570 Platone
482 2545 512 2569 et
525 2541 650 2579 Dionys.
667 2542 766 2570 Halic.
779 2551 924 2570 memora-

228 2589 289 2620 tus,
305 2588 335 2613 et
351 2583 401 2622 qui
420 2587 523 2612 contra
538 2584 758 2622 Thrasybulum
775 2589 805 2613 et
818 2583 923 2613 Ando-

228 2627 325 2656 cidem
356 2634 458 2656 nostro
492 2630 579 2655 aetate
617 2627 758 2665 supparis
788 2627 924 2665 quaedam

229 2670 361 2709 scripsit,
377 2674 409 2698 ut
424 2673 550 2698 testatur
565 2669 649 2698 Suid.
662 2669 726 2698 sive
742 2669 926 2707 aliusjunior

228 2713 342 2752 aliquot
354 2712 485 2748 saeculis,
500 2712 618 2741 Rhetor
632 2712 825 2748 Gadarensis,
837 2722 924 2750 quem

229 2756 331 2785 Rhodi
348 2755 465 2784 audivit
479 2755 618 2785 Tiberius
634 2755 745 2793 Imper.
783 2755 858 2784 Nam
874 2755 925 2784 ille

228 2801 258 2827 in
280 2799 368 2828 rebus
387 2803 418 2828 et
438 2798 565 2828 vocibus
592 2797 761 2828 Rhetoricis
785 2797 925 2827 Criticus.

230 2842 347 2870 Praeter
375 2841 454 2870 enim
484 2845 652 2876 tractatum,
684 2851 771 2879 quem
802 2840 926 2878 scripsit

229 2884 288 2923 ‘ti-egi
311 2883 422 2924 ῥητόρων
441 2884 591 2923 δυνάμεως,
615 2884 657 2914 ita
674 2884 712 2913 de
733 2894 769 2912 eo
789 2883 872 2912 Theo
895 2882 924 2911 in

231 2928 457 2966 Progymnasm.
478 2926 650 2968 εἙρμαγόρας
668 2925 722 2965 μὲν
741 2926 824 2956 αὐτὴν
840 2925 877 2965 (i.
897 2935 923 2954 e.

230 2968 319 3008 Θέσιν)
343 2969 493 3008 Κξινόμενον
515 2970 732 3009 πξοσηγόςευκεν,
749 2968 879 3008 Θεόδωξος
896 2967 922 2997 δέ

964 1941 975 1969 ὁ
991 1940 1125 1981 Γαδαρεὺς
1139 1941 1292 1979 Κεφάλαιον
1305 1939 1330 1970 ἐν
1344 1939 1479 1971 ὑποθέσει.
1504 1940 1607 1970 IDEM.

1005 1980 1130 2022 Τούτων]
1155 1983 1249 2012 Refer
1260 1984 1297 2012 ad
1311 1983 1464 2022 Epicratis
1477 1983 1664 2014 defensores.

963 2026 1100 2056 Aucssn.

1003 2067 1184 2108 ’Τπολείψεῇ
1217 2068 1322 2099 Malim
1351 2066 1502 2105 ἐπιλείψει.
1543 2069 1664 2098 Rmsx.

964 2112 1099 2141 Auem.

1003 2153 1101 2195 Ἐνδεῖ]
1125 2153 1261 2183 Subaudi
1283 2153 1322 2195 τῇ
1343 2152 1519 2193 μισθοφοξξί.
1542 2154 1663 2184 REISK.

961 2196 1121 2238 Μισθοφοριὶ
1137 2197 1284 2235 intellige,
1298 2207 1413 2234 merces
1426 2196 1581 2236 judicibus
1596 2196 1663 2226 dari

962 2241 1060 2270 solita.
1115 2242 1266 2278 Quantum
1294 2240 1332 2269 ad
1360 2239 1495 2278 phrasim
1519 2249 1587 2278 quae
1614 2249 1662 2269 se-

962 2284 1061 2322 quitur
1077 2283 1121 2313 sic
1137 2284 1335 2322 interpretare
1350 2282 1596 2312 commentando:
1621 2282 1662 2311 Et

960 2336 1037 2356 nnnc
1061 2326 1197 2365 quamvis
1217 2325 1293 2365 ipsis
1321 2325 1461 2355 obsecuti
1483 2324 1661 2355 sententiam

959 2370 1073 2410 feratis,
1089 2375 1201 2399 tantum
1220 2371 1305 2399 abest
1328 2374 1360 2398 ut
1383 2367 1497 2407 aliquid
1518 2368 1588 2397 inde
1610 2376 1660 2396 ca·

959 2413 1050 2451 piatis
1066 2412 1271 2448 emolumenti,
1287 2417 1319 2441 ut
1335 2429 1387 2441 —.
1402 2413 1538 2441 Avona-

1001 2455 1038 2485 Τὸ
1062 2454 1116 2495 μὲν
1140 2452 1244 2488 πλῆθος
1270 2454 1318 2483 καὶ
1339 2456 1353 2485 ἣ
1379 2452 1498 2493 αἰσχύνη
1525 2468 1568 2474 -
1594 2452 1661 2491 ἡμῖν

957 2497 1060 2536 γίνεται
1097 2499 1173 2539 etc.]
1219 2497 1362 2527 Schottus
1405 2494 1480 2533 legit
1523 2492 1660 2528 πένθος.

956 2552 1011 2580 pro
1028 2540 1138 2575 πλῆθος.
1152 2541 1247 2571 minus
1261 2544 1344 2569 recte
1357 2539 1395 2568 ad
1407 2547 1541 2573 sensum,
1553 2538 1579 2567 si
1589 2547 1660 2576 pro-

957 2585 1114 2623 prietatem
1137 2585 1251 2613 Graecae
1270 2581 1393 2621 Linguae
1410 2585 1541 2619 spectes.
1565 2577 1658 2612 πένθος

958 2627 1037 2656 enim
1055 2628 1168 2657 Nostro
1183 2630 1215 2655 et
1233 2624 1351 2655 caeteris
1370 2622 1569 2663 scriptoribus
1589 2632 1658 2661 pro-

959 2670 1049 2699 saicis
1072 2671 1134 2699 fere
1155 2674 1201 2699 est
1216 2669 1311 2698 luctus
1324 2668 1364 2696 ob
1383 2672 1502 2695 mortem
1518 2666 1658 2704 alicujus,

959 2713 1006 2742 vel
1024 2713 1170 2751 insignem
1191 2711 1319 2749 aliquam
1340 2708 1551 2744 calamitatem,
1567 2709 1658 2738 morti

959 2765 1044 2794 paene
1073 2755 1265 2793 aequandam:
1302 2752 1352 2781 hic
1377 2762 1450 2782 vero
1486 2752 1586 2791 agitur
1619 2752 1658 2782 de

958 2798 1092 2827 dedecore
1107 2807 1146 2826 ex
1161 2797 1305 2834 corruptis
1305 2795 1443 2832 judiciis,
1453 2799 1484 2825 et
1494 2794 1658 2836 largitioni·

958 2841 1008 2869 bus
1021 2838 1215 2879 pecuniariis,
1236 2844 1266 2868 et
1288 2836 1520 2878 vagoewpecssei'qt:
1548 2837 1657 2877 quibus

957 2883 1051 2912 multo
1061 2882 1169 2912 melius
1180 2881 1335 2911 videretur
1347 2880 1510 2911 convenire
1524 2879 1557 2910 τὸ
1570 2878 1657 2909 ὅ-νει-

958 2925 1014 2959 θος
1035 2925 1082 2954 καὶ
1107 2926 1120 2954 ἦ
1140 2923 1272 2965 αἰσχύνη,
1295 2924 1479 2963 opprobrium
1499 2928 1526 2953 et
1549 2923 1655 2962 pudor,

957 2967 1015 2997 nisi
1042 2979 1059 2998 a
1079 2972 1199 3007 recepta
1221 2967 1349 2999 lectione
1373 2966 1462 2998 nimis
1484 2966 1653 2998 recederet.
