1819 3219
542 177 873 220 LECTIONES
909 177 1195 219 LYSIACAE.
1518 182 1597 222 143

145 280 267 311 tamen
281 273 366 318 quia
378 275 415 306 et
428 282 498 305 nox
515 273 552 305 et
565 272 666 305 dolor
678 271 800 314 justus
816 270 949 303 factum
966 268 1044 312 ejus
1060 270 1232 309 relevant,
1245 272 1366 313 potest
1377 272 1413 305 in
1432 272 1601 306 exsilium

149 330 261 364 dari.’'
285 329 330 362 L.
344 330 378 361 4.
396 327 438 360 C.
457 327 502 360 ad
520 328 637 370 legem
651 326 785 359 Juliam
803 326 848 359 de
866 324 1062 358 adulteriis,
1090 324 1150 358 Ita
1161 324 1284 357 Julius
1296 326 1430 359 Paulus
1446 327 1601 371 Recept-

148 385 315 418 Sentent.
340 383 364 416 Ι.
382 384 416 415 2.
433 382 487 414 tit.
503 384 560 417 26.
579 381 609 424 ξ.
635 383 672 414 5.
700 380 928 420 “Maritum‚
955 378 1018 423 qui
1044 390 1194 413 uxorem
1226 380 1486 424 deprehensam
1514 393 1598 415 cum

148 437 309 471 adultero
327 430 549 480 occiditqqui
573 436 639 469 hoe
657 435 882 480 impatientia
900 434 990 478 justi
1007 434 1137 467 doloris
1155 434 1311 476 admisit,
1340 434 1456 468 lenius
1482 436 1603 479 puniri

147 490 319 535 placuit.’'
366 491 532 524 Profecto
552 491 680 524 Romae
699 493 782 523 ante
800 490 938 532 Legem
953 488 1086 522 Juliam
1100 489 1236 522 Marito
1247 499 1317 522 non
1332 488 1475 523 videtur
1487 489 1603 522 fraudi

146 546 254 580 fuisse
272 546 308 579 in
326 545 490 579 adultero
506 545 568 579 irae
588 556 662 578 suae
680 545 879 588 indulgere,
896 546 937 576 ut
950 543 1113 587 plurimis
1130 543 1309 587 exemplis
1328 544 1477 576 confirm
1489 545 1540 584 at,
1555 554 1603 586 qu

145 603 398 643 argumentum
415 599 483 632 hoc
501 609 642 633 summa
659 610 742 632 cum
757 598 956 632 eruditione
972 598 1153 639 tractavit,
1169 597 1375 631 Brissonius
1396 597 1441 630 ad
1466 597 1512 630 L.
1535 597 1602 630 Ju—

146 655 230 687 liam
249 655 294 688 de
312 654 509 688 adulteriis.
559 654 682 694 Varia,
708 665 790 698 quae
808 653 913 687 variae
934 656 1059 696 gentes
1083 652 1127 685 de
1144 653 1323 686 adulterio
1342 653 1598 695 decernebant,

147 719 360 752 congessere
378 709 549 742 Scheffcr.
566 709 611 742 ad
630 709 764 743 AElian.
781 708 829 742 V.
858 708 994 742 Histor.
1014 707 1109 742 XII.
1130 709 1185 741 12.
1209 710 1246 741 et
1262 707 1411 741 Asinius
1433 708 1469 741 in
1491 708 1599 741 Com-

145 766 256 796 meut.
276 763 319 796 ad
336 762 410 796 Tit.
423 763 468 796 de
487 762 606 806 Relig.
625 766 660 796 et
676 764 814 807 Sumpt.
840 762 975 796 Funer.
1002 762 1049 795 D.
1064 772 1147 805 pag.
1170 764 1249 796 119.
1302 761 1479 795 Nationes
1491 765 1600 805 certe,

146 831 228 865 quae
240 821 451 865 sapientiam
466 823 504 854 et
520 821 769 854 auctoritatem
786 821 882 853 Juris
896 819 1022 853 Civilis
1036 820 1198 853 {emulari
1210 819 1434 860 videbantur,
1450 818 1600 863 antiqua

145 875 335 909 severitate
363 875 653 910 continebantur.
705 875 765 908 Ita
791 876 826 908 in
857 874 1142 917 wisigothorum
1176 875 1327 918 legibuS‚
1357 885 1440 918 quae
1467 874 1505 907 in
1530 874 1598 908 hac

144 931 244 974 parte
270 940 363 974 pene
392 941 476 964 cum
502 930 641 964 Solonis
670 931 892 964 contendere
909 929 1117 963 videantur:
1146 929 1228 962 Lib.
1246 932 1280 962 3.
1303 929 1376 963 Tit.
1391 931 1425 962 4.
1446 929 1542 963 Lex.
1560 933 1596 963 3.

113 988 182 1030 'Si
219 1004 448 1029 evivsLmET
493 1004 598 1029 vxon
642 1002 895 1028 ADVLTERIVM
936 1002 1099 1026 racemi·
1137 1001 1184 1025 ET
1221 1002 1478 1026 DEPREHENSA
1520 1002 1596 1026 NON

190 1058 329 1084 Fverur
356 1059 454 1083 ANTE
482 1060 650 1084 ivnrcEM
679 1057 992 1083 COMPETENTIBVS
1018 1057 1145 1082 Sionis
1168 1057 1213 1080 ET
1241 1057 1400 1082 inmens
1429 1057 1596 1081 MARiTvs

189 1113 375 1139 Accvsur.
414 1114 514 1141 Qvon
550 1114 582 1139 ει
619 1113 804 1138 MVLrssius
841 1112 1095 1137 AnvrsrEmvm
1139 1112 1352 1136 MANlFEsTE
1392 1112 1598 1144 ΡΑΤνΕιυτ,

186 1169 366 1193 ADVLTER
393 1169 438 1192 Er
465 1168 673 1193 ADVLTERA
701 1168 909 1193 sechDvM
938 1167 1161 1192 svpssmoms
1189 1166 1299 1191 Lucis
1326 1166 1502 1191 ORDINEM
1523 1167 1595 1192 n³sr

189 1223 444 1249 TRADANTVR:
481 1214 549 1248 VT
585 1214 731 1256 QVOD
770 1213 840 1247 DE
878 1213 944 1247 IIS
979 1212 1186 1246 FACERE
1220 1212 1509 1256 VOLVERIT,
1538 1213 1596 1247 IN

190 1268 307 1302 EIVS
334 1269 565 1303 PROPRIO
593 1268 880 1303 CONSISTAT
906 1268 1178 1303 ARBITRIO.

146 1332 197 1366 Et
214 1332 251 1365 in
266 1332 344 1375 lege
359 1331 551 1376 proxima:

139 1397 177 1430 S1
197 1405 437 1429 ADVLTERVM
457 1404 536 1429 cvm
556 1405 763 1429 ADVLTERA
783 1405 952 1430 MARirvs
976 1404 1049 1429 VEL
1068 1404 1233 1429 sPoNsvs
1253 1403 1474 1429 OCCIDERET
1494 1395 1593 1429 PRO

189 1449 464 1484 HOMICIDA
485 1449 598 1483 NON
614 1450 918 1486 TENEATVR.

142 1513 416 1557 Gundebaldus‚
445 1514 506 1558 qui
531 1513 853 1557 Burgundionibus
874 1513 964 1557 legis
988 1513 1083 1554 tulit,
1112 1523 1183 1547 non
1210 1512 1339 1557 hospes
1371 1513 1408 1545 in
1431 1512 1596 1545 Romano

118 1578 122 1582 ’
138 1571 231 1614 jure,
248 1570 326 1612 lege
345 1568 495 1602 sancivit
510 1568 702 1602 LXVIII.
717 1569 762 1601 de
779 1568 992 1602 Adulteriis.

142 1640 180 1673 Sl
201 1649 503 1673 ADVLTERANTES
517 1647 673 1672 INVENTI
694 1647 874 1679 FVERINT,
893 1648 939 1671 ET
956 1647 1019 1672 VIR
1038 1648 1124 1672 ILLE
1141 1648 1360 1672 OCCIDATVR
1376 1648 1421 1671 ET
1440 1647 1595 1672 FEMINA.

143 1702 488 1746 Septentrionalium
502 1701 648 1746 quidem
662 1701 761 1745 jura,
780 1700 913 1745 quibus
930 1701 1068 1735 utimur
1086 1702 1212 1744 magis,
1231 1701 1268 1734 in
1286 1701 1545 1744 compositione
1560 1705 1596 1735 ct

143 1758 280 1801 argenti
295 1757 532 1791 aestimatione
546 1758 759 1801 plerumque
772 1758 985 1799 consistunt,
1001 1759 1042 1789 ut
1056 1757 1174 1800 Leges
1187 1757 1323 1790 Salieas
1335 1757 1596 1800 Lindenbrogii

141 1823 232 1846 cura
248 1813 362 1845 editas
386 1813 519 1854 legenti
539 1812 690 1855 patebit.
739 1811 911 1845 Veterem
935 1814 1057 1844 tamen
1078 1811 1305 1854 disciplinam
1318 1811 1509 1854 ‚revocavit
1527 1811 1596 1844 Jus

141 1867 400 1900 Baiwariorum
419 1867 490 1900 Tit.
509 1867 554 1899 de
579 1865 767 1899 Uxoribus
783 1868 819 1899 et
835 1864 968 1907 causis,
991 1876 1074 1909 quae
1095 1876 1193 1909 saepe
1211 1865 1438 1908 contingunt,
1462 1865 1507 1899 L.
1558 1866 1595 1899 Si

140 1933 223 1956 eum
240 1933 354 1956 uxore
370 1922 514 1955 alterius
532 1921 612 1966 quis
629 1921 879 1956 concubuerit.

142 1995 270 2030 SlQVlS
303 2003 379 2027 CVM
415 2003 546 2027 VXORE
580 2003 769 2027 ALTERIVS
800 2003 1071 2028 CONCVBVERIT
1102 2002 1241 2028 LIBERA
1274 2002 1481 2028 COMPONAT
1515 2002 1592 2027 HOC

187 2057 333 2083 MARITO
355 2057 442 2082 EIVS
460 2058 540 2083 CVM
559 2057 627 2081 SVO
648 2056 888 2082 WEREGELDO
908 2058 949 2082 ID
970 2057 1037 2082 EST
1056 2057 1130 2083 CLX
1149 2057 1230 2082 SOL.

143 2117 198 2151 ET
217 2127 248 2152 SI
267 2127 305 2151 IN
323 2127 442 2152 LECTO
462 2127 540 2152 CVM
564 2126 648 2151 ILLA
667 2127 928 2152 INTERFECTVS
947 2127 1087 2151 FVERIT
1110 2127 1184 2152 PRO
1204 2128 1284 2152 IPSA
1308 2128 1593 2153 COMPOSITIONE

188 2181 295 2209 QVAM
319 2182 463 2206 DEBVIT
492 2182 665 2207 SOLVERE
694 2182 842 2206 MARITO
869 2182 956 2207 EIVS
982 2182 1022 2206 IN
1050 2183 1120 2207 SVO
1147 2183 1317 2208 SCELERE
1344 2184 1482 2209 IACEAT
1509 2183 1593 2208 SINE

189 2236 388 2261 VINDICTA.

142 2288 316 2334 Supplicii
333 2290 561 2323 severitatem
579 2291 723 2325 sustulit
733 2291 827 2336 Imp.
843 2292 1049 2326 Fridericus
1064 2292 1261 2326 Constitut.
1281 2292 1434 2336 Neapol.
1451 2293 1474 2326 l.
1488 2295 1522 2326 3.
1537 2293 1593 2326 tit.

139 2347 196 2379 43.
215 2344 260 2378 de
274 2344 426 2378 adulter.
445 2347 481 2377 et
498 2344 653 2378 lenocin.
671 2345 769 2379 hisce
786 2347 902 2380 verbis
918 2357 926 2380 :
970 2348 991 2363 ‘⁶
1012 2346 1156 2389 Legum
1174 2347 1367 2390 asperitate
1384 2347 1505 2388 lenita,
1522 2357 1593 2380 non

141 2401 183 2432 ut
198 2399 283 2433 olim
301 2402 427 2432 contra
444 2399 666 2432 adulteratas
680 2403 718 2433 et
732 2400 925 2443 adulteros,
945 2401 990 2434 ad
1010 2401 1160 2434 aliorum
1178 2401 1350 2444 conjuges
1367 2402 1591 2443 accedentes,

141 2453 262 2496 gladio
279 2456 334 2487 est
355 2454 548 2497 agendum,
567 2454 631 2487 sed
652 2465 772 2488 rerum
791 2455 836 2488 ad
857 2466 917 2488 eos
938 2455 1194 2499 pertinentium
1212 2455 1421 2489 confiscatio
1443 2455 1591 2489 induce-
1608 2469 1671 2499 '712

141 2513 214 2552 tur,
233 2510 262 2543 si
278 2509 368 2543 filios
394 2509 574 2553 legitimos
592 2520 637 2543 ex
661 2521 704 2544 eo
725 2510 955 2543 matrimonio
973 2510 1115 2552 violato,
1138 2511 1198 2544 vel
1222 2509 1292 2543 alio
1312 2521 1384 2543 non
1404 2510 1588 2544 habuerit:

141 2564 373 2608 periniquum
390 2565 486 2598 enim
505 2575 567 2599 eos
584 2564 812 2598 successione
824 2565 994 2608 fraudari,
1007 2565 1069 2609 qui
1085 2565 1160 2598 nati
1176 2568 1260 2598 sunt
1276 2575 1319 2598 eo
1337 2567 1508 2609 tempore,
1521 2575 1593 2609 quo

140 2619 249 2663 hujus
263 2618 361 2653 thori
377 2620 439 2653 lex
457 2619 621 2663 legaliter
638 2620 858 2654 servabatur.
909 2620 960 2653 At
972 2619 1050 2654 viro
1061 2619 1237 2653 tradenda
1253 2623 1306 2653 est
1320 2619 1460 2661 mulier,
1476 2620 1592 2652 nulla-

140 2676 248 2708 tenus
269 2675 353 2708 vitae
378 2673 582 2719 periculum
602 2674 778 2717 subitura,
800 2676 865 2709 sed
888 2676 1064 2708 ultionem
1086 2674 1177 2708 thori
1203 2675 1336 2717 violati,
1355 2675 1432 2707 nasi
1449 2677 1592 2707 trunca-

141 2729 261 2773 tionis,
279 2730 376 2775 quod
394 2730 523 2764 saevius
542 2733 580 2764 et
599 2731 758 2765 atrocius
773 2730 971 2773 inducitur,
991 2732 1276 2775 persequutura:
1300 2731 1396 2763 ultra
1415 2730 1508 2762 enim
1530 2739 1592 2761 ne-

142 2793 212 2826 que
229 2784 314 2827 viro,
329 2795 449 2829 neque
466 2785 675 2829 parentibus
691 2785 820 2819 servire
837 2785 877 2829 (f.
897 2784 1040 2830 saevire)
1056 2783 1201 2818 licebit:
1224 2784 1334 2825 Quod
1352 2784 1381 2817 si
1396 2783 1450 2817 vir
1466 2782 1543 2825 ejus
1554 2782 1590 2816 in

140 2847 222 2870 eam
242 2838 438 2873 vindictam
462 2840 546 2874 dare
571 2840 740 2882 noluerit,
765 2851 831 2874 nos
856 2839 1065 2883 hujusmodi
1087 2839 1307 2873 maleficium
1335 2848 1407 2871 non
1434 2837 1592 2871 sinemus

139 2891 308 2934 inultum,
325 2894 388 2927 sed
404 2895 521 2938 ipsam
548 2895 778 2939 praecipimus
794 2895 941 2940 publice
957 2892 1248 2938 flagellandam.⁵’
1295 2893 1391 2926 Nam
1410 2893 1493 2926 ante
1508 2904 1591 2926 eum

139 2945 221 2979 tulit
238 2946 413 2989 Rogerius
430 2950 454 2983 l.
472 2953 507 2984 3.
526 2950 581 2984 tit.
597 2951 655 2985 49.
673 2951 718 2985 de
734 2961 847 2996 poena
862 2949 986 2984 uxoris
1002 2949 1040 2984 in
1059 2949 1238 2984 adulterio
1253 2947 1499 2992 deprehensae,
