1819 3219
627 205 815 249 LYSIAE
845 205 1000 247 VITA.
1485 202 1540 244 39

100 327 180 365 quo
208 312 443 359 Alcibiades,
471 313 610 359 animo,
641 312 856 364 populique
888 311 1102 362 potentiam
1129 309 1302 347 imminui
1329 308 1545 360 cupiebat.)

101 376 363 426 Conqueritur
381 379 405 396 “
427 387 495 425 per
514 375 696 413 invidiam
718 375 923 412 multorum
947 385 987 410 se
1007 371 1140 415 fuisse,
1162 370 1310 412 indicta
1328 380 1457 417 causa,
1475 369 1546 407 ab·

100 443 246 479 sentem
266 435 403 487 capitis
415 436 654 483 damnatum,
667 436 876 486 publicatis
898 434 1020 479 bonis,
1037 432 1286 481 omniumque
1302 431 1546 469 sacerdotum

103 498 355 549 religionibus
376 499 584 541 devotum;
607 498 772 548 ejusque
795 495 1028 540 devotionis,
1050 508 1128 544 quo
1150 493 1327 531 testatior
1346 498 1447 529 esset
1465 505 1548 530 me-

103 560 238 605 moria,
260 557 473 610 exemplum
496 560 534 596 in
554 559 631 609 pila
650 558 803 608 lapidea
832 557 996 595 incisum
1016 569 1098 593 esse
1120 554 1289 606 positum
1309 554 1346 590 in
1367 552 1549 602 publico:

103 622 204 671 regis
224 621 429 658 amicitiam
460 632 646 669 suamque
675 632 832 669 operam
863 619 1101 669 pollicetur;
1132 622 1247 665 negat
1281 621 1406 652 tamen
1437 627 1476 652 se
1509 613 1547 652 id

103 682 310 720 conciliare
330 694 458 732 posse,
479 680 549 718 nisi
570 680 774 730 imperium
795 694 817 718 a
836 679 1003 729 Populo,
1022 678 1088 728 qui
1108 689 1195 715 eum
1215 675 1485 726 exagitassent,
1500 675 1550 712 ad

106 743 325 794 Optimates
357 743 584 781 translatum
610 741 746 780 foret.’'
802 740 1043 785 Alcibiades,
1069 750 1289 790 quanquam
1320 751 1397 775 non
1430 737 1552 788 pluri-

106 818 207 844 mam
227 818 335 855 spem
354 805 391 843 in
409 804 650 855 Optimatum
671 803 805 841 animis
828 802 1009 848 habebat,
1030 808 1157 839 tamen
1176 799 1437 838 arbitrabatur
1455 798 1553 844 fore,

104 866 145 904 id
180 866 286 917 quod
316 871 450 917 postea
480 865 639 911 accidit,
660 871 718 917 ut,
740 864 933 903 discordia
962 864 1061 902 inter
1078 862 1231 900 ordines
1252 861 1417 900 civitatis
1437 861 1554 909 facta,

106 928 155 967 ab
181 928 301 967 altera
329 934 439 979 parte
467 928 505 965 in
534 926 718 965 auxilium
746 932 961 965 vocaretur.
1019 924 1206 962 Pisander
1236 924 1366 974 itaque
1396 923 1555 961 domum

107 989 257 1028 delatus
278 990 466 1040 populum
483 989 718 1040 aggreditur,
740 990 804 1028 cui
825 988 908 1037 jam
928 985 1162 1025 imminentis
1182 985 1271 1024 belli
1291 985 1454 1036 periculi
1474 998 1555 1024 ma-

101 1050 168 1100 jor
187 1056 271 1089 erat
291 1051 417 1097 timor,
440 1064 555 1101 qnam
581 1049 777 1100 dignitatis
807 1063 911 1088 cura.
968 1049 1040 1087 Cui
1074 1061 1192 1098 quum
1213 1048 1404 1095 suasisset,
1422 1053 1467 1085 ut
1488 1060 1558 1086 sua

109 1112 305 1150 voluntate
325 1112 575 1162 abrogaretur
595 1110 811 1161 imperium,
835 1110 940 1148 domi
967 1114 1056 1160 post
1078 1122 1116 1146 se
1133 1108 1292 1159 reliquit
1316 1122 1362 1147 ex
1393 1121 1462 1146 suo
1487 1121 1558 1146 nu-

109 1186 215 1210 mero
234 1173 469 1223 quosdam‚※
490 1172 557 1223 qui
577 1172 627 1209 de
649 1173 748 1222 Rep.
764 1171 981 1210 ordinanda
1002 1171 1146 1214 interea
1162 1170 1423 1216 consulerent,
1439 1175 1558 1220 atque

110 1234 159 1273 ad
179 1235 491 1285 Tissaphernem,
515 1239 556 1272 ut
576 1234 625 1272 de
641 1233 761 1285 Regis
780 1233 949 1273 amicitia
969 1239 1163 1284 ageretur,
1183 1232 1399 1270 contendit.

164 1296 223 1334 Ex
239 1295 343 1334 hisce
362 1296 480 1335 initiis
494 1294 614 1334 crevit
629 1295 867 1347 Oligarchia‚
887 1295 935 1333 de
956 1308 1033 1345 qua
1056 1294 1217 1344 agimus,
1237 1293 1286 1331 ab
1304 1294 1474 1343 Impp.‚†
1494 1294 1562 1344 qui

112 1358 215 1396 Asiae
234 1370 339 1396 oram
366 1357 593 1396 maritimam
619 1370 705 1394 cum
730 1358 853 1396 classe
880 1357 1080 1401 tenebant,
1110 1356 1235 1406 primo
1259 1354 1418 1405 agitata,
1446 1361 1564 1409 atque

110 1421 249 1458 eodem
266 1425 440 1471 tempore
456 1421 494 1458 in
514 1419 688 1458 civitates
708 1426 872 1466 ceteras,
890 1433 978 1471 quae
998 1419 1158 1469 imperio
1175 1419 1218 1456 P.
1233 1417 1480 1456 Atheniensis
1495 1431 1564 1468 pa—

110 1482 260 1527 rebant,
277 1481 482 1528 insinuata,
501 1495 596 1532 quas
615 1483 663 1522 ad
687 1481 847 1520 eandem
863 1481 976 1532 Reip.
997 1480 1157 1519 formam
1177 1479 1438 1530 recipiendam
1461 1480 1566 1518 solli-

110 1545 339 1583 citaverunt.
396 1544 625 1584 Alcibiades
644 1545 805 1588 interea,
821 1543 899 1582 sive
920 1556 980 1582 res
999 1555 1132 1593 parum
1150 1541 1185 1580 ei
1203 1556 1248 1579 ex
1269 1541 1430 1579 consilio
1450 1541 1568 1580 cessit

112 1606 318 1654 (Pisander
344 1606 442 1645 enim
465 1608 584 1658 magis
605 1607 644 1645 id
671 1606 765 1657 egit,
798 1612 842 1644 ut
870 1605 1160 1643 imminueretur
1185 1604 1323 1654 populi
1343 1603 1567 1650 auctoritas,

116 1681 231 1718 qnam
246 1673 288 1706 ut
302 1675 548 1707 revocaretur
562 1669 819 1717 Alcibiades),
838 1668 917 1706 sive
933 1668 1104 1705 nondum
1118 1667 1165 1704 ad
1183 1672 1350 1704 mentem
1364 1667 1455 1704 satis
1469 1680 1569 1704 com-

118 1735 222 1768 mota
242 1734 342 1768 esset
370 1731 503 1781 Resp.,
534 1734 591 1769 ita
620 1731 699 1781 egit
728 1744 815 1769 cum
845 1729 1034 1781 praesecto
1056 1728 1186 1778 Regis,
1215 1734 1272 1775 ut,
1300 1741 1387 1765 cum
1408 1728 1458 1765 ad
1481 1741 1570 1766 eum

116 1791 232 1841 legati
253 1804 361 1828 novae
374 1792 606 1842 Tyrannidis
624 1792 828 1839 venisseut,
850 1791 944 1830 nihil
963 1791 1102 1836 miuus,
1118 1802 1233 1840 quam
1253 1789 1423 1827 amicitia
1438 1789 1570 1840 Regis,

117 1852 309 1890 videretur
332 1852 450 1890 fuisse
471 1853 790 1903 exspectandum.

169 1913 303 1951 Nihilo
328 1914 452 1952 secius
478 1914 665 1952 Pisander
692 1914 747 1959 id,
776 1913 880 1964 quod
905 1913 1136 1958 instituerat,
1157 1911 1366 1962 perfecisse
1387 1913 1572 1951 decrevit.

118 1976 285 2014 Domum
304 1988 480 2014 reversus
499 1989 587 2014 vere
614 1989 712 2014 novo
740 1975 855 2027 paulo
875 1981 964 2013 ante
985 1988 1126 2013 annum
1148 1980 1350 2012 exeuntem
1372 1975 1409 2012 id
1431 1988 1572 2026 procu-

117 2042 239 2075 ratum
259 2050 281 2074 a
301 2038 378 2075 suis
398 2037 669 2088 deprehendit,
698 2043 741 2075 ut
767 2050 844 2075 non
864 2038 1011 2087 plureS,
1034 2049 1148 2087 quam
1179 2036 1353 2087 quinque
1377 2036 1573 2074 hominum

118 2099 234 2137 millia
252 2098 301 2136 ad
322 2099 436 2150 Reip.
458 2099 834 2138 administrationem
865 2099 1196 2143 admitterentur.1
1253 2098 1348 2147 Ejus
1368 2104 1496 2136 autem
1517 2098 1575 2136 in·

120 2166 295 2198 terventu
315 2161 516 2199 constituti
541 2167 630 2199 sunt
649 2161 778 2199 X-viri
800 2160 916 2211 Reip.
939 2160 1164 2198 ordinandae
1186 2173 1273 2198 cum
1299 2173 1444 2198 summa
1462 2165 1574 2210 pote-

122 2228 234 2269 state,
256 2236 353 2273 quos
375 2229 557 2261 vocarent
577 2223 860 2275 Συγγραφέας.ξ
917 2222 993 2267 Qui
1014 2222 1063 2260 ad
1085 2222 1234 2260 dictum
1250 2219 1354 2259 'diem
1376 2222 1425 2259 ad
1448 2235 1576 2273 popu-

121 2286 197 2323 lum
227 2284 427 2331 referrent,
457 2299 533 2336 qua
559 2286 801 2337 potissimum
822 2285 969 2324 ratione
996 2286 1114 2335 Resp.
1144 2285 1288 2335 optime
1316 2284 1577 2323 administrari

121 2358 235 2396 posse
255 2345 463 2384 videretur.
521 2347 599 2384 Ubi
621 2347 778 2385 advenit
800 2346 896 2393 dies,
919 2346 1108 2385 concione
1130 2346 1273 2392 habita,
1300 2346 1491 2397 populum
1511 2360 1576 2385 ro-

122 2413 275 2458 garunt,
303 2412 345 2445 ut
375 2412 400 2428 “
417 2407 539 2445 cuivis
561 2407 853 2446 Atheniensium
883 2408 1019 2446 liceret
1045 2407 1274 2446 sententiam
1305 2421 1577 2458 quamcunque

123 2468 239 2506 vellet
256 2482 467 2520 exponere,
488 2475 605 2519 atque
630 2474 674 2507 ut
698 2469 735 2506 id
756 2470 913 2520 impune
935 2469 1063 2507 facere
1084 2469 1257 2507 liceret.'’
1311 2470 1449 2519 quue
1468 2469 1578 2508 aditu

123 2528 173 2566 ad
194 2528 453 2580 Tyrannidem
476 2528 689 2580 patefactO,
711 2530 814 2567 omni
835 2536 938 2568 metu
959 2531 1070 2568 vacui
1092 2530 1318 2568 sententiam
1339 2529 1519 2568 dixerunt
1539 2530 1577 2567 in

124 2591 228 2628 hunc
245 2591 426 2629 modum:
457 2595 480 2612 ‘⁶
498 2591 786 2641 Antiquandam
801 2605 885 2629 esse
902 2592 1101 2643 pristinam
1116 2592 1418 2643 Magistratuum
1431 2592 1469 2630 in
1483 2592 1578 2630 urbe

124 2651 327 2691 rationem:
360 2665 436 2690 non
457 2666 540 2690 esse
561 2652 754 2703 stipendia
772 2653 844 2690 nisi
871 2653 1053 2692 militibus
1074 2654 1350 2704 persolvenda:
1380 2653 1577 2704 eligendos

124 2726 207 2751 csse
237 2726 259 2751 a
279 2714 489 2752 concionis
518 2714 754 2752 Praesidibus
773 2715 944 2761 v-viros‚
969 2728 992 2752 a
1021 2716 1163 2766 quibus
1184 2716 1351 2754 Centum
1371 2716 1467 2753 alios
1496 2728 1579 2753 esse

168 2782 186 2801 ³*
204 2781 248 2812 Hi
264 2782 496 2814 nominabantur
511 2784 623 2825 ἑταῖροι.
668 2784 738 2814 Vid.
755 2786 836 2815 'rhu-
869 2784 994 2826 πξότερον
1013 2784 1040 2816 ἐν
1054 2786 1097 2825 τῷ
1110 2785 1296 2825 στρατοπέδῳ
1312 2786 1396 2815 τοῦτο
1414 2784 1462 2814 καὶ
1481 2783 1508 2818 ἔς
1532 2785 1580 2815 τὴν

127 2826 196 2862 oyd.
211 2825 302 2856 VIII.
320 2828 372 2861 48,
389 2827 439 2858 65.
481 2827 613 2867 Lysiam,
635 2838 667 2867 p.
685 2829 759 2858 207.
785 2829 834 2858 ed.
869 2828 950 2858 πόλιν
964 2827 1089 2858 ἐντεῦθεν
1103 2827 1224 2869 ὕστερον.

125 2866 214 2906 Tayl.
913 2875 928 2908 ss
948 2872 1019 2910 Lys.
1036 2883 1066 2911 p.
1081 2873 1154 2902 362.
1201 2871 1339 2909 Thucyd.
1356 2871 1450 2899 VIII.
1468 2869 1520 2900 65.

171 2912 183 2940 †
200 2911 240 2939 N.
256 2920 288 2949 p.
305 2913 376 2943 206.
402 2913 619 2942 Eratosthenes
641 2911 689 2944 ἐπὶ
709 2915 764 2943 τῶν
786 2914 835 2943 τἐ·
910 2914 925 2954 §
940 2915 1012 2952 Lys.
1027 2925 1058 2953 p.
1075 2916 1148 2945 215.
1195 2914 1346 2951 Harpocr.
1364 2913 1394 2942 in
1411 2913 1448 2941 V.
1471 2916 1502 2942 et
1515 2912 1580 2942 Va-

127 2950 276 2991 τρακοσίων
297 2952 322 2982 ἐν
340 2953 383 2992 τῷ
403 2954 584 2995 στρατοπέδῳ
604 2955 769 2998 ὀλιγαρχίαν
782 2967 834 2985 κοι-
868 2956 924 2986 les.
942 2957 981 2986 ad
996 2956 1056 2986 loc.
1071 2956 1212 2995 Thucyd.
1232 2957 1323 2985 VIII.
1340 2957 1392 2985 67.
1409 2955 1508 2986 Iidem
1526 2966 1579 2987 vo-

128 2993 247 3028 ἓιστίις.
297 2996 437 3035 Thucyd.
461 2998 556 3028 VIII.
579 3002 631 3030 48.
655 3000 701 3029 καὶ
723 2998 832 3030 ἐκινήθη
867 3004 974 3030 cantur
990 2999 1146 3038 πρόβουλοι.
