1839 3229
247 197 326 240 124
809 201 845 241 Ι.
877 199 1142 242 TAYLORI

241 317 324 347 μησε
340 306 402 347 μὲν
416 305 657 347 πολιτεύεσθαι,
674 306 850 350 διατριβὴν
868 308 899 339 δὲ
918 307 1109 347 συνέστησε.
1160 306 1229 339 Nae
1248 306 1304 339 Τιι
1323 307 1474 339 fortunae
1489 303 1695 346 ludibrium,

242 357 425 401 Antipho!
452 358 631 393 Nimirum
655 360 720 394 hoc
739 364 805 403 est,
834 361 930 404 quod
954 360 1099 402 dicitur,
1117 360 1157 393 cle
1183 359 1327 394 Consule
1345 359 1496 394 Rhetor.
1537 358 1607 392 Sed
1625 368 1697 402 quo

242 415 350 457 pacto
364 414 449 448 sein
461 425 504 447 ea
521 414 689 458 palaestra
705 414 880 456 exercuit,
894 425 945 448 sc.
958 416 1134 460 διατριβὴν
1152 415 1183 449 δὲ
1198 415 1378 456 συνέστησε
1396 418 1449 449 καὶ
1468 415 1632 459 Σωκράτει
1648 417 1698 456 τῷ

162 468 224 498 698
242 470 407 514 φιλοσόφῳ
424 470 594 515 διεφέρετο,
613 471 656 510 ὡς
675 473 834 514 Ξενοφῶν
851 471 1025 514 ἱστόρηκεν
1050 472 1086 504 ἐν
1103 474 1173 511 τοῖς
1199 471 1557 515 ἀπόμνημονεύμασιν.
1608 468 1697 502 Non

242 525 362 559 audio.
412 525 536 559 Alium
554 526 663 558 fuisse
681 525 800 559 docui.
851 526 1005 569 Deinde,
1023 529 1089 560 Καί
1107 540 1201 566 τινας
1217 528 1340 570 λόγους
1361 530 1432 566 τοῖς
1448 526 1610 570 δεομένοις
1626 528 1695 558 τῶν
1748 572 1758 580 ν

241 582 393 614 πολιτῶν
407 581 613 624 συνέγραφεν
627 582 672 619 εἰς
687 582 765 620 τοὺς
780 582 817 614 ἐν
831 585 901 621 τοῖς
923 581 1144 626 δικαστηρίοις
1167 583 1315 626 ἀγῶνας.
1364 581 1482 614 Credo
1497 590 1596 621 sane,
1611 588 1695 612 nam

240 634 276 667 id
295 635 426 668 diserte
444 635 576 668 dicitur
600 645 620 667 a
634 635 848 678 Thucydide
874 636 896 668 l.
917 638 949 669 8.
968 636 1030 680 qui
1049 637 1143 670 hunc
1166 638 1430 680 praeceptorem
1448 645 1552 668 suum
1570 642 1695 667 senem

241 688 454 733 descripsit:
479 689 539 723 sed
557 690 646 733 quid
671 691 847 734 sequitur,
874 696 1038 736 πρῶτον
1055 694 1110 725 ἐπὶ
1137 695 1234 726 τοῦτο
1259 693 1408 736 τραπείς.
1458 689 1520 723 Ex
1537 689 1593 728 iis,
1609 697 1694 732 quae

238 747 452 787 sequuntur,
478 744 604 788 liquet,
629 743 783 790 primum
809 745 918 779 fuisse
942 746 1215 790 Antiphontem,
1240 747 1301 791 qui
1326 746 1394 779 hoc
1412 743 1555 778 dicendi
1581 752 1696 786 genus

237 799 417 832 tractavit.
469 799 613 833 Dicitur
640 801 736 834 enim
765 806 839 835 Τῶν
864 805 947 846 γοῦν
973 805 1039 846 πρὸ
1065 803 1168 836 αὐτοῦ
1194 803 1383 847 γενομένων
1408 801 1543 839 οὐδενὸς
1568 799 1697 843 φέρεται

235 853 399 893 δικανικὸς
424 855 538 900 λόγος.
565 855 623 888 Ila
640 856 810 889 Clemens
835 857 1109 891 Alexandrinus
1135 858 1265 891 Strom.
1292 861 1323 890 1.
1374 858 1459 890 Φασὶ
1482 856 1514 888 δὲ
1540 857 1594 888 καὶ
1618 856 1696 893 τοὺς

234 911 319 942 κατὰ
337 910 514 954 διατριβὴν
529 912 663 955 λόγους,
677 914 731 944 καὶ
745 914 786 945 τὰ
800 912 955 956 ῥητορικὰ
972 913 1132 955 ἰδιώματα
1148 914 1254 956 εὑρεῖν
1267 915 1319 944 καὶ
1333 914 1454 955 μισθοῦ
1468 913 1699 954 συνηγορῆσαι

233 967 369 1007 πρῶτον
386 965 555 999 δικανικὸν
569 967 675 1009 λόγον
692 968 736 1005 εἰς
752 967 882 1000 ἔκδοσιν
898 967 1116 1009 γραψάμενον
1130 966 1341 1009 Ἀντιφῶντα
1357 967 1446 1009 φυλῇ
1458 965 1696 1008 Ῥαμνούσιον.

232 1017 399 1051 Dixisset
412 1020 536 1062 itaque
551 1019 669 1062 potius
686 1026 847 1063 πρῶτος
868 1021 923 1052 ἐπὶ
941 1024 1038 1053 τοῦτο
1056 1022 1203 1065 τραπείς·
1223 1020 1274 1053 uti
1288 1019 1458 1053 Photius:
1479 1020 1649 1056 Συντάξαι
1665 1019 1697 1051 δὲ

232 1076 338 1107 αὐτὸν
355 1076 408 1106 καὶ
427 1077 574 1118 πρῶτον,
590 1078 681 1117 φασὶ,
698 1078 774 1113 τοὺς
790 1076 825 1107 ἐν
843 1077 914 1114 τοῖς
939 1075 1159 1119 δικαστηρίοις
1175 1076 1414 1119 ἀγωνιστικοὺς
1430 1075 1563 1117 λόγους.
1611 1072 1694 1106 Jam

232 1129 394 1173 sequitur
420 1128 575 1162 hominis
602 1131 712 1163 aetas:
742 1130 860 1173 Γέγονε
883 1132 968 1163 κατὰ
986 1132 1028 1163 τὰ
1047 1133 1192 1174 Περσικὰ
1208 1132 1262 1163 καὶ
1280 1132 1425 1174 Γοργίαν
1441 1131 1502 1163 τὸν
1519 1130 1694 1171 σοφιστὴν,

232 1185 335 1228 ὀλίγῳ
368 1185 569 1227 νεώτερος
599 1186 714 1218 αὐτοῦ.
765 1183 864 1224 Quid
896 1184 1068 1218 Photius‘e
1102 1184 1333 1219 Contrarium
1364 1195 1516 1229 prorsus.
1566 1185 1696 1228 Χρόνος

231 1239 302 1271 καθ’
318 1242 358 1272 ὃν
373 1241 533 1284 ἤκμαζεν,
547 1240 583 1272 ἐν
599 1239 626 1282 ᾦ
641 1239 888 1284 διαπέπρακται
904 1242 946 1273 τὰ
962 1242 1116 1285 Περσικὰ,
1130 1242 1234 1285 ὀλίγῳ
1259 1241 1463 1285 πρότερον
1479 1241 1619 1284 Γοργίου
1635 1242 1695 1273 τοῦ

232 1297 386 1337 σοφιστοῦ
417 1296 574 1339 γεγονώς.
624 1294 771 1328 Deinde
795 1295 1058 1339 interemptum
1087 1295 1196 1330 fuisse
1222 1306 1243 1328 a
1272 1294 1486 1329 XXXviris
1517 1298 1696 1328 memorat

231 1351 444 1384 auctoritate
464 1349 585 1394 Lysiae
603 1352 641 1384 et
658 1350 895 1395 Theopompi,
922 1351 1022 1392 Quid
1039 1350 1311 1396 Theopompus,
1329 1350 1452 1384 nescio
1468 1361 1477 1384 :
1505 1349 1602 1390 Quid
1621 1349 1696 1392 Ly-

230 1403 310 1444 sias,
329 1404 556 1438 tantundem.
606 1404 760 1439 Excidit
777 1406 872 1439 enim
900 1406 1026 1439 oratio.
1074 1406 1118 1440 Id
1135 1407 1274 1440 interea
1292 1406 1391 1440 scio:
1418 1407 1563 1439 exstare
1588 1404 1694 1438 aliani

229 1459 430 1493 orationem
447 1460 584 1504 Lysiae,
598 1470 635 1504 p.
651 1462 732 1494 427.
747 1463 779 1494 7.
800 1461 856 1493 cd.
876 1461 921 1494 R.
934 1461 998 1494 ubi
1015 1461 1146 1496 diserte
1161 1462 1303 1503 dicitur,
1320 1459 1581 1504 Antiphontem
1595 1471 1617 1493 a
1628 1470 1694 1504 po-

228 1513 315 1556 pulo
331 1513 452 1559 capite
469 1514 580 1559 plecti
606 1519 689 1559 post
712 1526 912 1559 repressam
932 1516 1222 1551 CCCCvirorum
1248 1515 1543 1550 dominationem.
1594 1515 1694 1558 Ergo

227 1578 302 1601 non
316 1580 361 1602 ea
377 1569 471 1603 dixit
487 1570 629 1614 Lysias,
642 1572 705 1604 aut
722 1571 767 1604 de
786 1571 855 1604 alio
867 1571 1093 1615 Antiphonte
1109 1572 1256 1605 omnino
1270 1570 1376 1605 dixit.
1404 1570 1525 1611 Quod,
1543 1580 1587 1614 ne
1603 1569 1694 1614 quid

228 1621 466 1667 dissimulem,
484 1625 591 1659 video
617 1626 789 1669 Scriptori
815 1628 937 1660 nostro
953 1627 989 1659 in
1008 1630 1170 1661 mentem
1187 1625 1348 1661 venisse:
1376 1624 1562 1668 subjungit
1582 1624 1693 1666 enim,

228 1678 307 1710 ἀλλ’
326 1676 426 1719 οὗτός
443 1693 477 1714 τε
496 1681 540 1713 ἂν
558 1681 761 1725 ἡμερώτερος
784 1681 1007 1715 Λυσιδωνίδου
1025 1684 1168 1728 πατρός·
1186 1684 1241 1716 καὶ
1259 1685 1429 1727 Κρατῖνος
1445 1683 1481 1714 ἐν
1499 1683 1629 1726 Πυτίνῃ
1653 1682 1693 1714 οὐ

228 1737 380 1778 πονηροῦ
397 1736 624 1779 μνημονεύει;
650 1746 733 1780 quae
751 1736 872 1777 verba,
889 1741 930 1770 ut
947 1737 1105 1782 aliquem
1131 1737 1264 1771 exinde
1289 1746 1434 1770 sensum
1458 1736 1588 1770 elicere
1613 1746 1695 1780 pos-

227 1797 317 1829 sem,
337 1799 455 1833 neque
474 1790 729 1824 inclementius
746 1801 829 1824 cum
847 1792 1032 1836 scriptoris
1050 1793 1157 1833 fama,
1174 1802 1283 1837 quam
1301 1803 1367 1836 par
1384 1794 1451 1831 est,
1467 1801 1623 1834 agerem,
1639 1790 1693 1824 ita

225 1843 367 1876 restitui
384 1854 489 1887 posse
503 1845 671 1878 existimo
689 1856 697 1878 :
716 1846 793 1879 Ὅτι
811 1847 842 1879 δὲ
859 1848 924 1880 ὑπὸ
950 1852 1020 1881 τῶν
1036 1850 1077 1880 λ’
1096 1848 1280 1889 ἀπέθανεν,
1298 1849 1420 1892 ἱστορεῖ
1437 1848 1692 1890 θεόπομπος-ν-

226 1897 303 1929 ἀλλ’
320 1895 418 1938 οὗτός
444 1913 477 1933 τε
496 1902 540 1932 ἂν
557 1902 618 1941 εἴη
644 1901 795 1945 ἕτερος,
821 1903 1045 1936 Λυσιδωνίδου
1073 1905 1213 1947 πατρὸς,
1238 1900 1284 1935 οὗ
1311 1906 1479 1946 Κρατῖνος
1504 1903 1541 1934 ἐν
1559 1903 1691 1946 Πυτίνῃ

225 1951 277 1990 ὡς
295 1956 443 1997 πονηροῦ
460 1955 673 1997 μνημονεύει.
724 1955 767 1988 In
786 1956 963 1999 proximis
979 1967 1051 1989 non
1073 1959 1268 1990 contentus
1291 1959 1393 1989 tanta
1408 1955 1586 1989 varietate
1603 1966 1689 1999 sup-

225 2004 336 2048 plicii,
352 2006 550 2050 Tragicum
575 2008 661 2042 facit
686 2011 722 2041 et
747 2020 768 2042 a
794 2010 969 2053 Dionysio
994 2011 1165 2054 Tyranno
1189 2012 1449 2054 interemptum
1474 2013 1606 2052 narrat,
1635 2012 1690 2044 vel

228 2061 325 2103 quod
343 2061 439 2094 istud
457 2073 506 2096 aes
525 2064 863 2107 praestantissimum
883 2076 920 2099 se
939 2065 1069 2099 habere
1091 2067 1197 2108 dixit,
1222 2067 1322 2100 unde
1339 2067 1602 2099 conficerentur
1618 2068 1690 2098 sta-

229 2119 302 2148 tuae
330 2115 520 2150 Harmodii
549 2122 584 2151 ct
610 2118 879 2162 Aristogitonis,
899 2120 954 2154 vel
980 2122 1078 2165 quod
1109 2121 1221 2164 Regis
1247 2121 1446 2164 tragoedias
1471 2120 1689 2155 exsibilaret.

229 2170 298 2212 Tu,
315 2173 376 2216 qui
395 2173 510 2216 priora
525 2173 655 2217 legisti,
671 2175 768 2208 noris
784 2175 863 2208 haec
880 2186 958 2209 esse
975 2186 1109 2209 errores
1127 2179 1163 2209 ct
1185 2179 1350 2220 portenta
1366 2186 1510 2218 magna.
1561 2176 1688 2218 Sequi-

230 2228 298 2265 tur,
317 2226 561 2273 Κεκωμῴδηται
579 2229 609 2262 δὲ
637 2231 681 2269 εἰς
706 2232 927 2276 φιλαργυρίαν
949 2233 1017 2265 ὑπὸ
1041 2232 1226 2271 Πλάτωνος
1243 2234 1306 2265 σὺν
1329 2232 1535 2276 Πεισάνδρῳ.
1586 2229 1688 2264 Non-

227 2281 314 2314 nulli
333 2283 487 2326 pessime
505 2283 584 2317 haec
598 2283 900 2329 interpretantur:
929 2286 1021 2320 Eum
1038 2285 1212 2331 sc.fuisse
1225 2292 1258 2320 et
1270 2298 1291 2320 α
1309 2286 1461 2321 Platone
1473 2292 1506 2319 et
1521 2298 1542 2319 a
1556 2284 1688 2319 Pisan-

227 2335 290 2368 dro
306 2337 528 2381 eaeayitatum.
555 2339 744 2384 Expediet
760 2340 923 2374 Photius.
974 2341 1132 2386 Κωμῳδεῖ
1145 2344 1252 2376 αὐτὸν
1267 2343 1414 2376 Πλάτων
1431 2343 1468 2374 ἐν
1481 2340 1686 2385 Πεισάνδρῳ.

227 2389 420 2425 Laudatur
439 2393 485 2426 ab
503 2394 683 2428 Atheuaeo
702 2398 738 2429 et
759 2395 950 2429 scholiaste
967 2395 1220 2440 Aristophanis
1237 2395 1440 2439 ceterisque
1458 2395 1549 2428 bene
1567 2395 1691 2428 multis

226 2443 367 2478 Fabula
385 2447 545 2481 Platonis
561 2448 712 2491 Comici,
726 2450 784 2483 eui
799 2461 929 2484 nomen
945 2450 1046 2484 dedit
1063 2452 1270 2496 Πεισάνδρῳ·
1286 2453 1320 2484 in
1335 2462 1407 2495 qua
1419 2453 1456 2483 et
1469 2450 1684 2484 Pisandrum

226 2500 262 2531 et
277 2499 540 2544 Antiphontem
558 2504 679 2545 potuit
695 2505 940 2547 proscindere,
959 2506 1048 2538 adeo
1075 2510 1114 2539 ut
1138 2510 1236 2539 recte
1263 2516 1300 2539 se
1319 2505 1465 2538 haberet
1482 2507 1517 2538 et
1534 2505 1686 2539 Photius

226 2556 263 2588 et
280 2555 507 2598 Plutarchus,
525 2558 761 2601 Κωμῳδεῖσθαι
779 2571 827 2592 sc.
845 2560 1105 2603 Antiphontem
1123 2571 1143 2593 a
1158 2561 1308 2594 Platone
1324 2560 1381 2592 vel
1399 2562 1462 2593 σὺν
1480 2560 1685 2604 Πεισάνδρῳ,

224 2609 281 2642 vel
300 2611 337 2643 ἐν
354 2611 561 2655 Πεισάνδρῳ.
612 2613 771 2655 Deinde,
799 2615 937 2659 Λέγεται
954 2616 987 2648 δὲ
1004 2615 1194 2659 τραγῳδίας
1211 2616 1383 2648 συνθεῖναι
1398 2616 1452 2648 καὶ
1468 2615 1534 2659 ἰδίᾳ
1550 2617 1605 2648 καὶ
1622 2617 1685 2648 σὺν

225 2666 376 2709 Διονύσῳ
393 2669 443 2709 τῷ
457 2668 626 2711 τυράννῳ.
651 2668 789 2702 Iterum
809 2670 935 2703 miscet
953 2681 1025 2703 non
1053 2670 1250 2704 miscenda.
1299 2670 1513 2714 Tragoedias
1540 2668 1686 2712 scripsit

225 2730 298 2753 non
319 2720 577 2763 Rhamnusius,
596 2722 658 2754 sed
675 2722 861 2766 Tragia-us.
913 2724 974 2767 Et,
993 2725 1079 2758 licet
1096 2725 1244 2758 eosdem
1261 2723 1335 2758 fero
1358 2734 1493 2758 errores
1518 2723 1686 2758 erraverit

225 2774 271 2808 de
284 2775 510 2821 Antiphonte
526 2779 679 2821 uterque
696 2781 732 2811 et
757 2777 907 2811 Photius
925 2782 962 2811 et
984 2778 1235 2818 Philostratus,
1258 2789 1319 2812 eos
1336 2782 1457 2812 tamen
1476 2777 1682 2820 Plutarcho,

225 2829 361 2865 homini
378 2832 562 2874 acerrimo,
581 2832 795 2865 condonabo
813 2842 1011 2877 nunquam.
1038 2833 1165 2866 Talem
1183 2833 1480 2867 commentarium
1499 2832 1684 2877 scripsisse

224 2884 462 2920 Plutarchum
479 2890 604 2919 notum
623 2889 689 2926 est,
703 2886 812 2930 idque
826 2889 978 2920 testatur
991 2887 1180 2931 Lamprias
1194 2888 1237 2921 F.
1264 2888 1359 2929 Quae
1378 2887 1482 2921 hodie
1500 2888 1683 2931 leguntur,

223 2941 457 2985 nugivendoli
482 2946 568 2978 sunt
593 2943 787 2987 scriptoris,
814 2945 1045 2987 propagantis
1076 2943 1272 2978 Photianos
1297 2954 1441 2985 errorcS‚
1459 2955 1591 2988 eor-,qne
1610 2944 1682 2977 suis

222 2995 368 3040 ineptiis
385 3001 420 3032 et
437 2999 679 3032 deliramentis
696 2999 900 3032 mactantis.
