1839 3229
261 200 341 242 104
829 200 865 241 Ι.
897 199 1161 243 TAYLORI

254 314 335 338 rum
353 305 501 349 quidam
517 306 646 349 flexus,
673 306 734 350 qui
760 306 857 340 auris
882 307 1056 351 percellit,
1074 317 1283 352 quanquam
1301 307 1374 341 suis
1398 307 1488 342 locis
1504 308 1582 341 tota
1606 306 1719 341 oratio

253 369 325 393 non
347 359 562 394 inconcinne
580 360 626 394 sit
641 359 830 403 instructa,
849 361 886 395 id
902 361 1000 405 quod
1017 362 1201 396 elaborare
1235 362 1394 396 maxime
1422 362 1561 397 soleant
1587 360 1718 406 Sophi-

253 417 390 449 starum
405 414 479 458 filii,
499 415 558 449 ille
575 418 699 449 tamen

515 472 536 487 ‘⁶
548 469 723 512 Demens,
739 471 800 514 qui
812 470 953 504 nimbos
966 473 1001 505 et
1020 481 1091 504 non
1109 470 1284 505 imitabile
1298 471 1471 506 fulmen.''

252 525 340 560 Fuit
364 525 547 560 Archinus
576 525 722 569 quidam
748 525 994 568 Atheniensis,
1025 527 1085 570 qui
1111 529 1218 571 λόγον
1246 528 1421 571 ἐπιτάφιον
1443 527 1596 571 scripsit,
1622 528 1716 560 teste

252 581 404 614 Platone
423 580 458 613 in
473 580 698 619 Menexeno,
725 582 835 623 atque
861 580 971 613 etiam
989 581 1118 614 Photio
1133 582 1224 615 Cod.
1244 581 1399 615 CCLX.
1431 582 1528 624 Τάχα
1554 581 1580 614 δ’
1598 582 1643 614 ἄν
1668 594 1717 619 τις

252 638 307 668 καὶ
325 637 431 669 αὐτὸν
459 632 692 680 [Isocratem]
718 635 906 667 αἰτιάσαιτο
923 637 1066 676 κλοπῆς,
1082 638 1115 674 ἐξ
1133 636 1181 670 ὦν
1195 638 1231 669 ἐν
1250 640 1300 679 τῷ
1316 639 1537 680 πανηγυρικῷ
1549 637 1641 680 λόγῳ
1658 637 1718 669 αὑ-

251 694 310 724 τοῦ
328 692 442 723 πολλὰ
461 694 530 723 τῶν
547 691 633 722 κατὰ
651 691 729 728 τοὺς
744 689 939 733 ἐπιταφίους
954 692 1077 734 λόγους
1090 692 1273 736 εἰρημένων
1288 692 1437 735 Ἀρχίνῳ
1463 705 1497 724 τε
1523 693 1577 724 καὶ
1594 695 1720 724 θουκυ-

251 747 324 791 δι’δῃ
341 749 394 780 καὶ
412 748 519 790 Λυσίᾳ
537 747 739 788 ὑπεβάλετο.
788 746 872 780 Jam
891 747 919 779 si
938 746 1062 780 harum
1077 747 1290 782 Orationum
1310 748 1483 791 originem
1495 758 1652 792 quaeras,
1670 747 1716 780 ab

248 800 353 834 initio
370 801 441 835 fere
460 801 566 844 Reip.
585 801 818 835 Atheniensis
835 812 965 835 morem
978 801 1170 835 invaluisse
1187 803 1303 844 video,
1316 806 1356 836 ut
1370 804 1408 836 in
1423 803 1591 843 concione,
1607 814 1716 848 popu-

250 855 319 890 lari
332 856 487 890 oratione
504 867 560 889 eos
581 855 774 898 laudarent,
800 856 911 902 quiin
925 855 1048 901 proelio
1072 856 1141 890 sint
1158 857 1345 902 interfecti,
1366 868 1519 902 eamque
1544 857 1717 891 laudandi

249 912 552 946 consuetudinem
570 912 621 945 ita
632 912 792 957 probari,
808 920 847 947 ut
865 912 1051 958 quotannis
1063 911 1124 946 illa
1142 913 1195 946 cIic
1212 912 1357 947 recitari
1370 913 1568 946 orationem
1585 923 1718 945 necesse

246 967 368 1001 fuerit.
389 966 469 1000 Cic.
492 970 521 1000 l.
535 967 579 1000 de
595 966 698 1001 Orat.
724 967 899 1011 Adjunge
917 967 1167 1000 Menandrum
1188 966 1395 1007 Rhetorem,
1415 969 1489 1011 περὶ
1504 968 1715 1010 Ἐπιταφίου.

249 1024 389 1067 Λέγεται
405 1024 483 1066 παρ’
513 1022 710 1064 Ἀθηναίοις
725 1023 933 1066 Ἐπιτάφιος,
953 1024 969 1055 ὁ
995 1020 1064 1055 καθ’
1082 1022 1226 1054 ἕκαστον
1248 1023 1403 1054 ἐνιαυτὸν
1423 1023 1478 1054 ἐπὶ
1493 1025 1563 1061 τοῖς
1580 1034 1716 1054 πεπτω-

248 1079 342 1112 κόσιν
355 1080 392 1111 ἐν
409 1082 480 1118 τοῖς
497 1079 656 1122 πολέμοις
671 1079 853 1122 λεγόμενος
870 1079 985 1121 λόγος.
1014 1077 1137 1120 Pergit
1151 1086 1158 1109 :
1178 1080 1244 1116 Οὓς
1257 1079 1321 1120 γὰρ
1339 1078 1383 1109 ἂν
1396 1074 1490 1109 εἶπεν
1506 1077 1523 1109 ὁ
1542 1077 1717 1120 Πολέμαρ-

248 1146 322 1176 χος,
351 1133 462 1172 ἐπειδὴ
490 1135 543 1166 καὶ
571 1136 668 1165 τοῦτο
696 1133 736 1175 (l.
767 1131 893 1175 τούτῳ)
917 1135 955 1165 τὸ
987 1135 1049 1171 τῆς
1076 1135 1175 1175 τιμῆς
1193 1132 1391 1164 ἀποδίδοται
1409 1131 1489 1176 παρ’
1509 1131 1716 1172 Ἀθηναίοις.

248 1187 380 1220 Utrum
398 1197 515 1230 genus
531 1186 622 1219 illud
641 1186 785 1220 dicendi
804 1187 848 1219 ab
865 1186 1050 1230 AEgyptiis
1067 1186 1268 1229 profectum
1288 1186 1333 1219 sit
1350 1196 1478 1227 necne,
1503 1186 1566 1230 qui
1591 1185 1636 1219 ad
1662 1186 1715 1220 ci-

248 1242 360 1275 vilem
387 1242 600 1275 Graecorum
628 1241 738 1274 vitam
758 1241 996 1274 excolendam
1023 1241 1218 1285 plurimum
1243 1240 1430 1274 contulere
1448 1240 1514 1284 (ex
1531 1240 1716 1285 AEgyptiis

247 1299 345 1330 certe
374 1296 589 1329 arcessitum
618 1299 795 1328 memorat
823 1295 1008 1328 Diodorus
1035 1296 1196 1336 Siculus,
1227 1295 1249 1329 l.
1283 1294 1331 1338 l.)
1356 1294 1446 1328 illud
1471 1295 1631 1328 nondum
1648 1305 1714 1337 pro

245 1354 431 1396 comperto
449 1350 583 1391 bahem
610 1361 658 1383 ex
676 1350 774 1383 omni
790 1353 913 1383 tamen
932 1350 1075 1383 Graecia
1093 1349 1244 1383 Athenis
1263 1349 1336 1383 fere
1354 1350 1437 1383 solis
1454 1349 1627 1391 constitit,
1646 1352 1715 1383 eta

246 1406 465 1450 quibusdam
483 1405 715 1449 scriptoribus
732 1406 834 1439 istius
851 1405 976 1449 populi
994 1405 1263 1449 quodammodo
1290 1405 1482 1438 inventum
1497 1414 1575 1437 esse
1592 1404 1715 1448 perhi-

243 1461 361 1495 betur.
413 1467 446 1494 M
462 1463 478 1495 ὁ
491 1476 511 1495 ν
523 1475 539 1494 ο
552 1476 562 1494 ι
587 1461 613 1493 δ’
638 1462 660 1493 ἁ
674 1474 699 1493 π
712 1462 733 1493 ά
747 1474 766 1494 ν
778 1475 797 1494 τ
809 1474 862 1494 ων
887 1461 908 1491 ἀ
920 1474 940 1493 ν
952 1462 997 1505 Θρ
1009 1462 1033 1493 ὠ
1045 1473 1071 1493 π
1083 1475 1106 1493 ω
1119 1474 1139 1493 ν
1164 1463 1238 1505 τρία
1256 1461 1349 1494 ταῦτ’
1366 1461 1553 1504 ἐνομίσατε·
1572 1464 1641 1493 τῶν
1650 1462 1713 1504 μὲν

244 1517 327 1560 ὑπὲρ
356 1520 418 1557 τῆς
446 1518 576 1555 πόλεως
602 1516 892 1555 τελευτησάντων,
920 1516 1036 1548 αὐτῶν
1066 1517 1127 1558 μὲν
1155 1516 1314 1553 ἐπαίνους
1331 1515 1386 1547 ἐπὶ
1410 1518 1486 1553 ταῖς
1503 1517 1624 1557 ταφαῖς
1637 1513 1716 1547 καθ’

242 1571 385 1605 ἕκαστον
402 1573 475 1610 ἔτος
499 1572 625 1614 λέγειν,
652 1572 689 1603 et
713 1581 796 1614 quae
824 1573 1038 1614 sequuntur.
1067 1568 1218 1603 Aristid.
1269 1569 1395 1613 Atque
1421 1568 1500 1602 haec
1518 1568 1597 1611 fuit,
1617 1569 1661 1608 ὡς
1675 1570 1714 1602 ἐν

242 1627 391 1671 παρόδῳ,
411 1624 665 1660 emortualium
685 1625 901 1658 Orationum
919 1624 1015 1668 apud
1027 1623 1262 1658 Atheniensis
1279 1624 1402 1657 facies.
1451 1623 1511 1657 Ad
1528 1623 1714 1657 Romanos

242 1681 374 1715 deinde
388 1681 478 1715 ritus
495 1682 554 1714 ille
580 1683 804 1725 propagatus
830 1684 867 1713 et
892 1679 1100 1713 domesticis
1124 1679 1235 1712 etiam
1260 1677 1532 1712 laudationibus
1558 1677 1711 1712 subinde

241 1736 420 1770 adauctus
449 1737 485 1770 in
511 1738 655 1769 tantum
685 1734 857 1775 accrevit,
885 1738 927 1768 ut
943 1737 1212 1779 conquerantur
1231 1734 1313 1768 Liv.
1331 1733 1423 1767 VII.
1441 1735 1499 1767 40.
1518 1734 1555 1766 et
1570 1732 1647 1767 Cic.
1665 1732 1711 1766 de

242 1791 301 1826 Cl.
322 1791 486 1826 Orat.16.
499 1790 725 1825 “istiusmodi
741 1788 1012 1823 laudationibus
1030 1788 1212 1822 historiam
1229 1789 1436 1822 Romanam
1447 1787 1712 1822 mendosiorem

242 1857 321 1880 esse
339 1846 509 1881 factam.‘’
558 1846 688 1880 Honos
705 1844 766 1878 ille
784 1844 978 1878 defunctos
995 1854 1247 1888 quoscunque,
1260 1843 1290 1876 si
1308 1844 1417 1877 modo
1434 1852 1565 1886 genere
1583 1843 1639 1876 vel
1656 1842 1712 1876 di-

241 1901 382 1945 gnitate
401 1901 611 1935 illustriores
637 1900 800 1941 fuissent,
826 1910 890 1943 pro
908 1899 1028 1932 rostris
1045 1897 1198 1932 ornandi
1216 1898 1262 1931 ad
1279 1897 1621 1941 conjunctissimum
1639 1897 1712 1931 fere

241 1967 384 2000 semper
410 1955 650 1992 deferebatur.
681 1955 766 1987 licet
794 1953 926 1987 scribat
945 1953 1198 1994 Quintilianus
1227 1953 1251 1969 “
1266 1952 1425 1997 pendere
1443 1952 1650 1996 frequenter
1665 1963 1714 1986 ex

240 2011 391 2055 publico
420 2011 542 2055 aliquo
570 2009 687 2044 officio
721 2012 832 2054 atque
859 2020 908 2043 ex
941 2010 978 2043 S.
1007 2009 1049 2042 C.
1078 2008 1357 2051 Magistratibus
1387 2018 1486 2052 saepe
1513 2007 1718 2042 mandari.’'

242 2065 449 2111 Utrumque
466 2065 614 2098 fortasse
641 2075 782 2106 verum,
810 2066 851 2096 ut
877 2063 1061 2108 publicam
1086 2073 1290 2108 personam,
1320 2062 1516 2097 Consulem
1544 2065 1633 2106 puta
1649 2065 1715 2097 aut

241 2121 454 2162 Praetorem,
473 2120 740 2163 Magistratus:
765 2121 939 2164 privatam
958 2129 1090 2162 genere
1118 2117 1440 2160 conjunctissimus
1466 2117 1605 2151 solenni
1634 2128 1713 2151 ora-

241 2176 340 2210 tione
365 2177 586 2221 produceret.
635 2175 693 2208 Ita
728 2174 899 2215 Brutum,
929 2175 992 2218 qui
1027 2176 1102 2206 lmus
1132 2172 1372 2206 Consulatum
1399 2172 1522 2216 gessit,
1548 2173 1712 2208 laudavit

241 2232 392 2275 Collega
410 2231 580 2265 Valerius
597 2230 798 2272 Publicola,
828 2233 869 2263 ut
896 2229 1012 2263 fusius
1038 2228 1076 2262 in
1105 2229 1361 2273 sequentibus:
1389 2229 1543 2262 Publius
1570 2228 1710 2263 Decius

241 2287 312 2322 Fil.
325 2289 386 2332 qui
399 2288 512 2332 primo
524 2287 658 2320 Consul
672 2286 716 2319 de
733 2285 954 2319 Samnitibus
968 2283 1213 2329 triumphavit,
1228 2284 1311 2318 1111
1328 2283 1413 2319 Cos.
1437 2294 1458 2317 a
1473 2283 1623 2327 Collega
1639 2283 1712 2317 Fa·

239 2342 300 2376 bio
324 2341 495 2375 Maximo
523 2341 751 2376 laudabatur.
770 2339 896 2374 Aurel.
926 2339 1025 2373 Vict.
1043 2349 1075 2372 c.
1093 2341 1153 2372 27.
1172 2338 1254 2372 Liv.
1270 2339 1325 2373 X.
1343 2341 1402 2374 29.
1452 2338 1583 2372 Filium
1602 2348 1710 2372 suum

239 2396 401 2430 laudavit
429 2395 564 2429 Fabius
581 2395 787 2429 Maximus.
838 2394 1022 2428 Plutarch.
1046 2394 1124 2427 Cic.
1143 2394 1189 2427 de
1215 2395 1361 2428 Senect.
1389 2404 1422 2427 o.
1449 2395 1482 2427 4.
1530 2393 1710 2428 Faustum

239 2451 352 2485 filium
371 2451 484 2494 Sylla.
513 2450 675 2494 Appian.
707 2450 752 2483 B.
767 2450 873 2483 Civil.
911 2449 954 2482 L.
978 2448 1171 2482 Metellum
1190 2452 1327 2493 patrem
1344 2448 1388 2489 Q·
1408 2447 1594 2482 Metellus.
1612 2447 1709 2483 Plin.

239 2505 330 2539 Vll.
349 2508 407 2539 43.
434 2505 556 2538 Allato
574 2504 609 2537 iu
628 2504 744 2538 forum
763 2515 911 2548 corpore
927 2503 1050 2548 Appii,
1070 2514 1142 2537 non
1161 2503 1282 2543 Xviri‚
1310 2503 1373 2537 sed
1397 2502 1558 2544 alterius,
1582 2502 1710 2538 adiens

238 2560 331 2594 filius
349 2560 449 2593 Coss.
464 2562 500 2592 et
516 2559 723 2593 Tribunum
740 2559 938 2603 postulavit
961 2558 1172 2602 congregari
1184 2558 1251 2592 sibi
1265 2557 1462 2601 legitimam
1480 2558 1707 2604 concionem,

239 2618 282 2649 ut
312 2626 407 2649 more
433 2614 594 2648 Romano
624 2614 669 2647 de
695 2617 797 2658 patre
823 2614 1024 2647 orationem
1052 2613 1214 2647 haberet.
1246 2623 1295 2646 ex
1325 2612 1410 2646 Liv.
1430 2612 1452 2647 l.
1471 2614 1506 2646 2.
1527 2616 1564 2647 et
1594 2614 1706 2649 Dion.

239 2670 360 2704 Halie.
380 2670 401 2703 l.
418 2672 452 2704 9.
504 2668 683 2703 Octavius
700 2669 863 2702 Drusum
889 2670 1073 2712 nepotem.
1093 2668 1240 2701 Sueton.
1267 2667 1303 2700 in
1324 2666 1456 2701 Claud.
1473 2677 1504 2700 c.
1522 2669 1558 2700 2.
1608 2667 1708 2702 Mar-

238 2725 373 2759 cellum
390 2723 528 2763 itidem,
546 2723 575 2756 si
592 2721 680 2755 fides
704 2723 750 2755 sit
768 2722 890 2756 Servio
917 2722 963 2755 ad
994 2724 1026 2754 1.
1057 2721 1144 2755 AEn.
1169 2723 1252 2754 716.
1304 2720 1407 2754 Alios
1423 2720 1494 2760 alii,
1511 2720 1556 2754 de
1573 2721 1707 2764 quibus

238 2790 337 2814 nunc
354 2777 499 2813 dicendi
515 2787 637 2822 neque
664 2779 807 2820 tempus
824 2786 903 2810 esse
921 2776 1037 2816 video,
1055 2785 1188 2819 neque,
1216 2774 1244 2808 si
1276 2776 1423 2818 tempus
1445 2777 1664 2819 superesset,
1685 2787 1707 2810 a

239 2844 311 2877 me,
330 2836 371 2867 ut
387 2833 538 2874 dicatur,
563 2829 783 2876 exspectari.
836 2830 879 2863 In
900 2828 1116 2873 Municipiis
1127 2839 1236 2863 nemo
1252 2828 1324 2863 fere
1341 2828 1488 2873 publico
1509 2828 1632 2864 funere
1654 2831 1706 2864 ef-

239 2888 420 2922 ferebatur
437 2888 513 2922 sine
531 2885 751 2920 laudatione.
800 2883 844 2918 In
863 2894 950 2927 agro
969 2882 1199 2917 Cordubensi
