1839 3229
199 204 252 245 14
760 196 795 238 l.
827 194 940 236 TAY
949 194 1089 236 LORl

201 308 402 349 Professor
421 306 564 358 Regius
586 311 625 343 et
639 305 802 355 Collegii
824 306 874 342 D.
892 304 1049 342 Ioannis
1070 301 1325 352 Evangelistae
1343 313 1412 351 per
1431 302 1562 352 plures
1581 315 1649 340 an-

199 386 268 411 nos
289 370 427 409 Socius
445 369 543 406 bene
563 367 735 406 meritus.
791 366 962 403 Multum
986 365 1036 403 de
1051 364 1258 414 juventute
1277 362 1515 401 Academica
1533 369 1573 402 et
1589 376 1650 401 re-

199 439 381 472 nascente
412 430 629 469 Graecismo
660 428 799 466 meruit
828 427 886 464 vir
915 427 978 465 ille
1007 425 1344 464 laboriosissimus.
1398 424 1543 463 Verum
1562 439 1650 464 cum

198 507 405 547 operosum
435 492 539 530 istud
570 489 806 542 praelegendi
837 502 956 539 genus
987 489 1102 539 longe
1129 488 1231 526 absit
1257 487 1308 525 ab
1338 486 1402 523 illa
1434 486 1652 538 disciplina,

201 571 316 609 quam
336 554 576 607 profitemur,
597 552 659 589 vix
680 565 811 602 operae
837 549 957 588 fuisse
977 550 1142 601 pretium
1157 549 1349 598 judicavi,
1378 553 1421 586 ut
1448 551 1558 599 prelo
1581 550 1653 588 ite·-

200 634 283 659 rum
303 633 326 657 a
345 631 405 656 me
425 615 730 654 committeretur
748 612 934 664 prolixior
953 611 1027 651 ista
1047 611 1347 650 Commentatio-

255 683 482 732 Oratiouem
503 682 641 716 contra
656 676 954 715 Eratosthenem
974 675 1172 713 30-virum
1190 674 1368 712 Latinam
1387 687 1410 712 a
1440 688 1480 712 se
1511 673 1653 711 factam

202 758 292 784 cum
323 740 507 781 Aristidis
538 738 781 777 orationibus
814 735 974 785 integris
1007 735 1200 786 evulgavit
1222 736 1292 773 Vir
1318 734 1598 774 eruditissimus
1617 740 1657 772 et

203 805 371 857 longiori
398 804 476 841 vita
509 801 650 852 dignus
683 798 902 837 Gulielmus
937 798 1128 835 Canterus
1161 798 1278 835 Basil.
1304 802 1422 837 1566.
1451 799 1489 835 in
1516 797 1598 835 Fol.
1617 802 1658 834 et

204 867 385 920 quaedam
405 863 569 902 subinde
589 862 676 899 loca
697 862 736 898 in
757 860 889 898 melius
910 858 1138 897 immutavit.
1194 858 1366 897 Eandem
1386 859 1456 896 Vir
1475 858 1656 897 doctissi-

202 943 286 969 mus
307 929 414 966 Simo
441 924 692 968 Groulartus‚
722 923 871 960 Praeses
900 922 1063 959 Senatus
1085 920 1424 971 Rothomagensis,
1449 921 1540 958 item
1560 921 1657 959 duas

201 992 306 1037 alias,
328 1003 382 1027 sc.
403 991 541 1026 contra
561 984 799 1023 Alcibiadem
819 996 947 1029 unam,
969 983 1129 1021 alteram
1149 986 1287 1021 contra
1302 982 1597 1030 Dardanon-ios,
1619 983 1659 1020 in

200 1053 368 1103 linguam
406 1050 619 1087 Romanam
658 1045 856 1084 transtulit
890 1045 1143 1095 Stephanicae
1177 1044 1412 1082 Graecorum
1447 1044 1658 1083 Oratorum

202 1113 377 1154 Editioni
395 1117 516 1154 1575.
538 1109 781 1160 subjunctas.
839 1109 898 1146 De
930 1108 1144 1146 Groularto
1174 1108 1360 1146 nonnulla
1388 1108 1492 1159 apud
1523 1109 1585 1147 Cl.
1613 1109 1660 1146 P.

202 1180 306 1218 Dan.
328 1176 515 1216 Huetium
537 1175 587 1213 de
609 1174 722 1213 claris
742 1174 950 1223 Interpret.
972 1173 996 1210 l.
1014 1172 1065 1210 ΙΙ.
1083 1185 1121 1222 p.
1137 1177 1230 1211 161.
1247 1177 1285 1210 et
1302 1173 1459 1223 Menag.
1476 1172 1660 1211 Dedicat.

204 1238 394 1290 Diogenis
414 1236 571 1276 Laertii.

259 1303 381 1340 Porro
408 1300 447 1337 in
473 1310 680 1350 puerorum
709 1309 818 1334 usum
841 1297 890 1333 A.
912 1299 1029 1335 1696.
1051 1294 1175 1333 forma
1195 1295 1343 1332 minore
1362 1294 1544 1345 prodiere
1564 1296 1663 1334 Pla-

207 1364 313 1402 tonis
332 1363 573 1402 Menexenus
592 1365 631 1397 et
653 1358 790 1409 Lysiae
799 1357 987 1409 funebris
1008 1357 1146 1395 Oratio
1166 1370 1255 1395 cum
1271 1357 1449 1396 versione
1469 1358 1665 1409 Philelphi

207 1431 249 1464 et
279 1425 463 1464 brevibus
493 1423 598 1462 notis
623 1421 721 1459 Mic.
744 1419 929 1466 Busteed‚
956 1419 1231 1470 Cantabrigiae.
1289 1419 1335 1457 In
1367 1419 1556 1458 fasciculo
1591 1421 1664 1458 Gr.

207 1489 295 1527 Lat.
318 1488 350 1526 Ι.
371 1485 494 1525 Iacob
524 1483 680 1523 Schudt
706 1483 734 1520 F
738 1481 886 1521 rancof.
908 1485 1026 1522 1702.
1047 1486 1136 1520 8v0.
1159 1481 1286 1532 Lysiae
1309 1481 1518 1520 Orationes
1545 1481 1663 1527 binae,

207 1562 279 1600 pro
298 1548 400 1587 caede
420 1545 699 1586 Eratosthenis
719 1557 808 1590 una,
823 1548 961 1582 contra
978 1543 1275 1581 Eratosthenem
1289 1542 1423 1582 altera.
1453 1543 1505 1581 Et
1522 1543 1666 1582 Graece

207 1611 348 1649 Venet.
370 1614 487 1651 1710.
508 1613 597 1647 avo.
615 1607 654 1645 in
672 1606 763 1644 Vol.
779 1606 854 1643 III.
886 1605 919 1642 I.
940 1605 1095 1643 Patusae
1112 1604 1444 1656 Encyclopaediae,
1463 1609 1501 1642 1.
1519 1605 1669 1655 Defen-

208 1674 266 1712 sio
295 1685 372 1724 pro
404 1670 506 1710 ccede
537 1668 827 1709 Eratosthenis.
886 1670 924 1705 2.
953 1671 1088 1704 contra
1122 1665 1434 1713 Eratosthenem,
1471 1678 1592 1703 unum
1625 1679 1671 1703 ex

209 1734 392 1780 30—vir2'8,
410 1739 450 1771 et
478 1737 516 1771 3.
543 1730 682 1768 Oratio
702 1728 935 1779 Ἐπιτάφιος.
987 1727 1034 1765 In
1054 1727 1218 1765 eundem
1234 1727 1405 1777 denique
1424 1739 1552 1773 usum,
1568 1740 1670 1765 anno

210 1809 288 1834 uno
314 1801 381 1833 aut
408 1795 528 1832 altero
548 1792 695 1843 elapSO,
715 1791 935 1828 Germanus
955 1789 1086 1827 nescio
1107 1789 1194 1839 quis
1214 1789 1314 1826 inter
1332 1788 1407 1825 alia
1427 1788 1550 1826 edidit
1570 1789 1672 1827 Ora-

209 1858 370 1902 tionem,
391 1855 536 1892 sibene
557 1852 726 1897 memini,
748 1864 838 1901 quae
860 1850 1084 1888 inscribitur
1102 1854 1241 1888 contra
1261 1849 1506 1895 Familiares,
1531 1849 1671 1888 Obtre-

210 1918 413 1962 ctatiom's,
449 1915 579 1953 studio
611 1920 717 1952 certe
746 1925 882 1963 parum
913 1903 1125 1958 lauda'ndo,
1156 1925 1246 1949 cum
1278 1912 1335 1949 vel
1368 1912 1518 1950 mendis
1552 1912 1673 1950 horri-

211 1980 374 2025 diorem,
404 1977 639 2016 crebriorem
667 1974 871 2019 lacunulis,
904 1973 1118 2023 argumenti
1138 1973 1310 2024 pondere
1328 1973 1583 2025 indigniorem
1605 1982 1674 2013 aut

214 2040 411 2080 Orationis
441 2038 611 2088 denique
641 2036 707 2074 filo
732 2034 1048 2085 injucundiorem
1074 2034 1137 2073 vix
1167 2035 1280 2073 aliam
1310 2036 1470 2073 omnino
1497 2036 1674 2086 quamvis

215 2102 384 2153 reperire
403 2098 677 2149 investigando
696 2097 838 2149 potuit.

269 2163 429 2202 Utinam
454 2175 500 2200 ea
521 2161 676 2199 fortuna
704 2165 833 2197 actum
866 2157 1005 2196 fuisset
1036 2171 1125 2196 cum
1151 2158 1340 2197 Themide
1361 2159 1505 2206 Attica,
1526 2165 1570 2197 ut
1588 2172 1675 2198 mea

215 2239 337 2277 opera.
353 2225 392 2262 in
414 2223 489 2261 hoc
509 2229 667 2260 auctore
688 2220 943 2259 emaculando
963 2220 1088 2257 minus
1114 2226 1215 2257 esset
1234 2220 1466 2259 necessaria.
1523 2221 1674 2272 Praeju-

216 2289 413 2326 dicasseut
442 2287 497 2334 (et
529 2283 851 2336 praejudicassent
879 2282 1039 2331 utinam)
1067 2294 1156 2332 quae
1184 2287 1252 2319 aut
1279 2281 1486 2333 intercepit
1506 2282 1674 2328 fortuna,

215 2355 284 2389 aut
303 2347 508 2398 interrupit
526 2346 700 2384 conditio
727 2344 992 2383 Mortalitatis.
1048 2344 1198 2382 Praeter
1222 2345 1521 2396 explicationem
1542 2346 1674 2384 Graec.

218 2456 286 2476 nam
301 2443 387 2484 regio
405 2445 496 2482 jussu
514 2442 668 2473 vertendis
685 2441 791 2472 utilem
808 2451 928 2471 manum
966 2439 1068 2480 pidem
1098 2438 1340 2479 sesquiprimum
1371 2449 1389 2468 a
1417 2439 1614 2479 Cantabrigia
1644 2444 1676 2471 et

216 2488 365 2523 admovit,
391 2488 471 2517 unde
500 2486 702 2516 Praebendam
729 2485 758 2514 in
787 2485 928 2514 Ecclesia
965 2487 1104 2513 mortuus
1122 2486 1153 2512 et
1168 2483 1342 2512 inhumatus
1358 2487 1406 2512 est
1421 2483 1459 2512 A.
1474 2485 1568 2513 1627.
1586 2488 1620 2514 ut
1633 2494 1674 2514 ex

217 2531 367 2562 Wellensi
382 2530 503 2560 meruit.
548 2530 673 2559 Cotonae
690 2528 812 2558 demum
828 2528 866 2557 ad
882 2528 925 2557 la«
964 2526 1133 2566 epitaphio,
1149 2526 1231 2565 quod
1247 2525 1411 2564 descripsi,
1426 2525 1523 2565 liquet

433 2600 454 2614 “
466 2597 606 2626 Andreas
624 2596 758 2624 Downes
776 2594 879 2634 Salop.
895 2593 975 2623 coll.
991 2595 1031 2623 D.
1046 2594 1172 2623 Iohann.
1189 2593 1268 2632 apud
1286 2593 1374 2622 Cant.
1388 2592 1460 2622 olim

465 2639 587 2674 socius,
596 2639 713 2668 Graecae
726 2638 839 2676 linguae
850 2637 1006 2676 professor
1017 2636 1133 2675 regius,
1143 2646 1231 2675 quam
1244 2635 1432 2674 provinciam

414 2692 533 2712 summa
554 2693 623 2711 cum
646 2681 793 2711 fidelitate
817 2685 849 2709 et
868 2680 995 2718 egregia
1016 2680 1106 2709 laude
1122 2689 1178 2718 per
1199 2678 1484 2717 undequadraginta

464 2735 557 2755 annos
573 2724 746 2754 exornavit.
777 2723 834 2752 Vir
844 2733 960 2752 morum
976 2722 1115 2751 Candore
1130 2721 1325 2760 spectabilis,
1342 2721 1373 2750 iu
1387 2731 1435 2750 re-

493 2771 550 2798 bus
567 2767 682 2797 divinis
694 2767 789 2806 probe
805 2766 972 2800 exercitus,
985 2764 1080 2794 totius
1097 2775 1124 2793 a.
1139 2764 1324 2794 humanioris
1338 2764 1405 2794 lite-

446 2815 557 2841 raturae
581 2811 619 2840 ad
645 2815 802 2848 stuporem
825 2819 921 2847 usque
944 2807 1192 2837 callentissimus.
1236 2807 1304 2837 Jam
1322 2807 1451 2845 Septua-

523 2854 665 2894 genarius
681 2857 713 2882 et
728 2852 808 2892 quod
824 2851 964 2882 excurrit
975 2851 1051 2880 rude
1067 2850 1198 2879 donatur
1208 2851 1246 2879 ab
1259 2850 1379 2879 Acade-

484 2898 555 2932 mia,
570 2901 728 2926 reservato
745 2900 844 2924 tamen
860 2894 887 2924 ei
904 2898 1051 2923 consueto
1067 2893 1331 2929 honorario,<anno
1348 2896 1420 2922 aeta-

414 2941 455 2972 {is
472 2943 523 2970 77.
541 2939 669 2970 secessit
679 2939 740 2967 huc
756 2938 786 2967 in
803 2948 907 2976 agrum
925 2938 1142 2971 suburbanum,
1153 2936 1207 2966 ubi
1222 2940 1291 2965 ante
1307 2945 1414 2965 annum
1431 2946 1485 2964 cx-

471 2988 570 3014 actum
585 2982 736 3023 postridie
749 2981 814 3011 Cal.
830 2982 906 3010 Feb.
919 2982 1014 3012 1627.
1028 2979 1243 3010 mortalitatem
1259 2977 1434 3018 deposuit.''
