1819 3219
543 173 876 220 LECTIONES
909 172 1197 214 LYSIACAE.
1511 173 1590 214 139

146 276 300 313 Αἰξωνεῖς
318 272 363 305 ad
385 280 483 304 mare
509 268 732 310 habitabant,
760 266 952 300 Phalerum
977 264 1072 297 inter
1090 264 1126 295 et
1143 261 1308 301 Sunium,
1325 261 1387 294 ubi
1404 261 1453 294 ob
1467 263 1593 304 portus

144 326 435 362 commoditatem
449 323 649 365 vaenibant,
663 332 737 355 non
753 321 879 354 odores
889 318 1049 357 fortasse,
1066 315 1129 349 scd
1147 317 1276 355 ostrea,
1290 315 1465 358 pisciculi,
1484 318 1593 359 atque

144 381 182 414 id
197 390 310 423 genus
326 378 459 412 edulia.
509 377 615 412 Unde
631 375 859 420 proverbium
886 372 1053 409 Αἰξωνὶδα
1070 371 1214 415 τρίγλην
1231 369 1276 402 de
1293 368 1406 402 mullo
1425 372 1594 412 praestan-

141 435 233 470 tiori.
282 435 512 469 Nausicrates
528 432 696 466 Comicus
713 430 810 475 apud
827 428 1042 463 Athenaeum
1059 426 1081 460 Ι.
1096 429 1129 460 7.

515 512 594 547 Μετ’
611 513 725 545 αὐτῶν
742 510 768 543 δ’
787 510 869 543 εἰσὶν
885 510 1057 552 ἐκπρεπεῖς
1069 507 1168 551 φύσιν

468 568 509 601 Αἱ
522 569 764 611 ξανθοχρῶτες,
783 568 823 603 ἃς
836 564 967 597 κλύδων
984 567 1012 595 Α
1022 563 1088 599 ἰξω
1098 576 1118 595 ν
1126 575 1160 594 ικ
1168 564 1185 595 ὸ
1196 576 1213 601 ς

470 626 597 657 Hatram
615 623 755 666 ἀρίστας
769 621 805 653 ἐν
820 620 936 658 τόποις
949 618 1154 659 παιδεύεται,

467 675 531 717 Αἶς
554 678 608 709 καὶ
627 677 707 709 Θεὰν
723 679 861 719 τιμῶσιν
876 674 1046 718 φωσφόρον
1057 673 1171 716 κόρην,

469 732 623 764 Δείπνων
640 730 725 763 ὅταν
743 729 898 773 πέμπωσι
914 728 1001 771 δῶρα
1014 728 1178 760 ναυτίλοι.

472 791 510 819 Β.
525 786 710 830 Τρίγλας
737 784 854 827 λέγεις.

148 875 206 909 Ad
223 884 305 909 eum
323 874 430 918 igitur
445 873 579 913 locum,
601 871 721 907 Betim·
737 871 848 904 voluti
863 871 907 904 ad
920 869 1018 910 ostia,
1034 868 1303 903 concurrebant
1318 868 1477 911 undique
1488 866 1602 910 pueri,

147 930 294 970 vetulae,
313 928 675 969 salsamentariorum,
690 925 906 968 bajulorum,
932 924 1143 968 portitorum
1162 926 1428 967 nautarumque
1450 921 1603 962 familia,

147 983 207 1017 cui
225 983 356 1017 scholae
373 993 437 1016 sua
450 993 522 1016 non
538 982 662 1015 deerat
679 979 884 1021 Rhetorica,
904 982 967 1012 aut
983 978 1156 1012 naturalis
1170 978 1266 1011 color
1283 977 1465 1011 orationis.
1509 976 1602 1010 Inde

148 1037 376 1072 AExonenses
392 1037 489 1080 apud
506 1035 687 1079 Antiquos
708 1033 875 1067 maledici
893 1043 1035 1077 semper
1051 1035 1088 1065 et
1105 1032 1149 1065 ad
1164 1032 1260 1065 mala
1281 1033 1394 1065 multa
1408 1030 1605 1074 ingerenda

148 1093 333 1135 proclives.
391 1091 553 1134 Hesych.
590 1089 842 1130 ΑἶΞωνεύεσΘαι,
872 1091 1138 1132 κατηγορεῖν.
1189 1087 1358 1127 Minime,
1391 1087 1452 1119 sed
1482 1099 1557 1119 κακ
1569 1099 1606 1126 η-

150 1151 309 1192 γορεῖν,
343 1150 386 1180 ut
403 1147 487 1180 alibi
511 1143 712 1179 emendavi.
763 1144 943 1187 Harpocr.
969 1143 1228 1186 Ἐκωμῳόοῦντο
1261 1140 1527 1183 [AExonenses]
1561 1141 1605 1179 εἰς

148 1203 370 1247 βλασφήμους
395 1202 432 1245 (Ι.
449 1203 501 1241 ὡς
524 1198 782 1243 βλάσφημοι)
807 1199 860 1242 ἀφ’
887 1196 927 1231 οὖ
953 1200 1005 1231 καὶ
1030 1201 1068 1231 τὸ
1095 1202 1224 1236 κακῶς
1248 1198 1371 1241 λέγειν,
1401 1196 1603 1233 αἰξωνεύ-

150 1259 267 1290 εσθαι
291 1257 409 1300 ἔλεγον
424 1274 470 1280 --
489 1255 635 1288 Πλάτων
652 1255 688 1286 ἐν
701 1257 748 1296 τῷ
766 1256 838 1298 περὶ
856 1253 1011 1298 ἀνδρείας
1029 1255 1140 1296 φησίν·
1166 1253 1271 1285 Οὐδὲν
1288 1254 1349 1295 ἐρῶ
1374 1254 1458 1294 πρὸς
1493 1250 1605 1283 ταῦτά

151 1312 182 1355 γ’
196 1312 285 1355 ἔχων
299 1311 416 1351 εἰπεῖν,
434 1311 480 1355 μὴ
496 1323 534 1354 με
552 1311 647 1353 εἴπῃς
663 1308 809 1345 Αἰξωνέα
823 1305 921 1342 εἶναι.
971 1307 1112 1341 Eodem
1130 1307 1237 1340 modo
1256 1304 1447 1350 Prospaltii
1461 1304 1606 1346 etTlly-

149 1366 324 1400 moetadae
338 1369 439 1399 erant
454 1365 609 1408 φιλόδικοι
626 1373 734 1406 supra
751 1365 899 1396 caeteros
916 1361 1160 1396 Atheniensis.
1210 1361 1478 1400 Acharneuses,
1493 1357 1554 1402 qui
1570 1358 1608 1391 in

149 1420 280 1454 fodinis
297 1419 513 1454 carbonariis
531 1421 675 1452 aetatem
690 1417 923 1460 exercebant,
940 1416 992 1450 ita
1008 1415 1178 1460 graphice
1195 1426 1217 1449 a
1235 1415 1383 1449 Comico
1398 1415 1436 1448 in
1450 1412 1606 1447 Acharn-

155 1475 233 1508 178.
251 1474 511 1515 describuntur,

425 1554 627 1596 ”Εσπευόον,
641 1556 670 1587 οἱ
695 1555 720 1587 δ’
734 1555 901 1598 ὤσφροντο
918 1556 1106 1599 πρεσβύται
1117 1558 1205 1594 τινὲς

432 1608 638 1652 Ἀχαρνικοί,
655 1611 790 1641 στιπτοὶ
804 1609 969 1651 γέροντες,
984 1611 1142 1653 πρίνινοι,

430 1665 663 1708 ςΑτεράμονες,
677 1663 986 1706 Μαραθωνομάχαι,
1002 1665 1247 1708 σφενδάμνινοι,

157 1752 310 1785 Potamii
328 1752 495 1796 denique,
515 1754 551 1785 et
569 1752 688 1793 vicini,
712 1762 759 1785 ex
779 1752 860 1785 ead.
881 1762 933 1785 sc.
953 1751 1061 1792 tribu,
1079 1751 1312 1784 Cottoeenses
1329 1750 1608 1794 exagitabantur

156 1809 341 1850 perpetuo,
375 1809 416 1840 ut
445 1806 608 1840 homines
638 1805 756 1851 ignavi
786 1808 822 1839 et
853 1816 927 1839 rem
958 1817 1058 1839 suam
1091 1807 1273 1839 instrenue
1307 1806 1608 1840 administrantes.

159 1859 376 1903 Harpocrat.
393 1860 429 1894 in
445 1862 614 1904 Ποταμός-
660 1861 916 1904 Ἐκωμῳόοὓντο
942 1861 974 1893 δὲ
996 1862 1040 1901 ὡς
1060 1861 1179 1905 ῥᾳδίως
1202 1861 1372 1904 δεχόμενοι
1388 1863 1466 1900 τοὺς
1483 1874 1610 1905 παρεγ-

157 1915 340 1959 γράπτους,
356 1917 400 1954 ὡς
416 1917 515 1949 ἄλλοι
540 1928 574 1948 τε
592 1915 740 1957 δηλοῦσι,
770 1917 824 1948 καὶ
851 1916 1047 1961 Μένανδρος
1069 1918 1105 1949 ἐν
1123 1919 1199 1956 ταῖς
1225 1916 1391 1960 Διδύμαις.
1440 1915 1513 1950 Sed
1534 1915 1610 1959 jam

158 1972 301 2013 tempus
319 1973 388 2012 est,
405 1972 446 2004 ut
463 1970 509 2003 ad
525 1969 593 2004 alia
610 1980 771 2014 pergam.

786 2107 896 2142 CAP.
923 2107 996 2141 XI.

207 2206 417 2236 Recensentur
429 2207 529 2246 Leges
545 2207 656 2238 Atticae
673 2209 754 2248 apud
768 2209 890 2249 Lysiam
907 2211 1049 2248 repertae,
1065 2211 1096 2237 et
1112 2207 1196 2238 varia
1211 2207 1249 2237 de
1267 2217 1301 2237 ea
1315 2217 1349 2237 re
1365 2206 1570 2246 disputantur.
1631 2211 1696 2240 709

161 2295 392 2329 RECENSEBO
421 2296 457 2329 in
486 2295 552 2330 hoc
569 2298 687 2342 capite
703 2298 763 2342 (ea
777 2301 898 2332 tamen
915 2297 1104 2337 brevitate,
1123 2308 1196 2341 qua
1213 2297 1319 2331 decet
1333 2296 1534 2338 Editorem,
1552 2294 1616 2339 qui

163 2361 209 2383 ex
222 2351 317 2384 mole
335 2349 413 2383 libri
431 2353 540 2395 atque
555 2353 735 2386 vendendi
752 2354 831 2396 lege
850 2354 1047 2395 auguratur
1065 2351 1150 2385 nihil
1165 2352 1364 2396 quidquam
1380 2351 1451 2385 fere
1469 2350 1514 2383 ad
1532 2360 1617 2383 sex-

163 2404 264 2438 cnnis
275 2415 357 2438 suos
375 2405 513 2438 labores
533 2408 819 2450 compensandos
834 2410 980 2449 restare,
1000 2409 1130 2451 praeter
1147 2407 1353 2440 memoriam
1368 2405 1620 2449 jucunditatis,

164 2470 272 2503 quam
290 2471 335 2493 ex
353 2460 429 2505 ipso
452 2461 585 2510 labore,
602 2462 716 2506 cepit)
733 2473 776 2495 ea
792 2461 957 2496 instituta
974 2462 1265 2504 Atheniensium,
1283 2472 1435 2506 quorum
1451 2460 1621 2494 notitiam

164 2514 365 2548 cultissimo
388 2517 509 2548 nostro
534 2516 709 2560 Scriptori
725 2516 913 2550 debemus,
963 2516 1057 2557 Quae
1074 2516 1160 2550 dum
1177 2526 1397 2560 percurram,
1417 2515 1620 2558 dijudicare

165 2570 277 2614 possit
293 2571 452 2604 eruditus
478 2571 601 2612 lector,
618 2573 741 2605 utrum
759 2582 839 2604 mea
861 2581 972 2614 opera
995 2571 1168 2604 inutiliter
1191 2581 1307 2604 necue
1324 2569 1431 2603 fuerit
1447 2569 1622 2602 collocata

165 2623 204 2657 in
221 2634 263 2657 eo
278 2624 462 2668 Scriptore
479 2625 709 2669 expoliendo,
728 2626 789 2670 qui
806 2625 969 2659 civilibus
982 2624 1258 2658 Atheniensium
1272 2624 1394 2658 officiis
1411 2626 1551 2656 tanturn
1570 2622 1623 2654 lu-

166 2678 218 2711 cis
235 2678 377 2712 adtulit.
428 2679 477 2712 Et
493 2680 522 2712 si
539 2680 711 2713 nonnulla
725 2690 746 2713 a
766 2691 822 2713 me
835 2680 894 2713 vel
911 2681 1008 2713 recte
1022 2679 1281 2720 animadversa,
1299 2680 1354 2712 vel
1371 2679 1408 2712 in
1422 2667 1552 2711 melius
1570 2686 1623 2709 re-

167 2732 306 2775 stituta,
322 2733 381 2766 vel
399 2733 550 2767 feliciter
567 2735 750 2778 explicata
767 2733 907 2775 viderit,
921 2734 1108 2767 eonsilium
1127 2733 1274 2767 fortasse
1294 2736 1457 2768 nostrum
1472 2741 1544 2764 non
1558 2730 1625 2763 im·

169 2787 336 2829 probabit
353 2792 415 2821 aut
432 2789 591 2822 studium
605 2788 931 2833 Jurisprudentiam
941 2788 1126 2833 antiquam
1141 2787 1258 2832 magis
1276 2787 1392 2821 indies
1404 2784 1624 2819 demerendi.

170 2839 360 2883 Ejusmodi
401 2844 710 2884 commentarium,
742 2855 848 2889 quem
880 2843 1044 2877 Editioni
1078 2854 1154 2877 suae
1185 2843 1376 2876 Oratorum
1410 2841 1623 2874 Graecorum

171 2895 410 2938 subnecteret,
429 2897 671 2933 meditabatur
688 2899 771 2934 olim
790 2900 838 2935 H.
853 2899 1059 2943 Stephanus
1077 2899 1129 2932 vir
1147 2898 1338 2932 maximus.
1391 2896 1472 2930 Hoc
1485 2905 1532 2928 ex
1547 2893 1625 2937 ejus

175 2949 383 2991 praefatione
401 2951 527 2994 liquet.
