1839 3229
393 554 1009 623 TESTIMONIA
1068 558 1539 627 VETERUM

780 706 878 753 DE
925 706 1158 756 LYSIA.

861 930 1078 969 CICERO.

61 1028 191 1067 lxxxiii
241 1039 274 1072 l.
299 1034 363 1072 De
385 1035 498 1072 Orat.
520 1039 609 1072 118.
643 1035 948 1073 Dissertissimus
968 1034 1110 1073 Orator
1129 1034 1277 1086 Lysias.

67 2201 194 2238 lxxxiv

291 1101 327 1135 3.
352 1099 420 1136 De
443 1098 556 1135 Orat.
575 1102 639 1138 16.
669 1099 906 1137 Suavitatem
937 1098 1144 1144 Isocrates,
1170 1098 1418 1137 subtilitatem
1436 1097 1583 1149 Lysias,
1598 1110 1696 1138 acu-

238 1172 323 1197 men
341 1161 577 1211 HyperideS,
598 1162 765 1198 sonitum
789 1161 1010 1208 AEschines,
1031 1162 1104 1200 vim
1125 1161 1409 1200 Demosthenes
1431 1160 1579 1198 habuit.

291 1222 341 1260 In
362 1223 486 1261 Brut.
507 1226 570 1262 17.
600 1224 703 1260 Tum
725 1223 798 1260 fuit
819 1223 968 1274 Lysias,
990 1225 1072 1274 ipse
1094 1224 1251 1275 quidem
1273 1224 1310 1261 in
1331 1222 1456 1261 causis
1477 1221 1695 1260 forensibus

238 1298 314 1322 non
332 1292 517 1330 versatus,
536 1286 602 1323 sed
623 1285 772 1336 egregie
795 1286 947 1323 subtilis
968 1286 1144 1336 Scriptor
1159 1293 1276 1336 atque
1296 1285 1466 1334 eleganS,
1482 1297 1595 1334 quem
1609 1283 1694 1332 jam

237 1360 359 1397 prope
389 1347 532 1385 audeas
564 1348 770 1386 Oratorem
801 1348 1018 1398 perfectum
1050 1349 1190 1386 dicere.
1245 1347 1363 1396 (Nam
1393 1345 1507 1396 plane
1534 1345 1696 1395 quidem

236 1407 453 1458 perfectum
473 1415 511 1446 et
532 1409 592 1446 cui
613 1409 706 1446 nihil
726 1409 934 1448 admodum
949 1410 1064 1457 desit,
1083 1409 1385 1448 Demosthenem
1401 1406 1512 1444 facile
1527 1404 1700 1454 dixeris.)

237 1469 344 1506 Nihil
364 1476 478 1507 acute
500 1469 661 1507 inveniri
692 1470 817 1519 potuit
843 1471 879 1508 in
904 1473 947 1510 iis
975 1473 1115 1519 causis,
1138 1485 1233 1522 quas
1261 1469 1429 1519 scripsit,
1452 1468 1559 1513 nihil,
1583 1472 1626 1505 ut
1644 1467 1699 1505 ita

237 1530 378 1577 dicam,
401 1532 581 1578 subdole,
606 1533 701 1570 nihil
717 1540 883 1580 versute,
906 1536 1009 1585 quod
1030 1536 1091 1572 ille
1112 1547 1186 1572 non
1209 1534 1368 1571 viderit:
1400 1531 1492 1568 nihil
1509 1530 1704 1568 subtiliter

236 1592 327 1638 dici,
350 1594 442 1631 nihil
463 1607 606 1644 presse,
628 1595 722 1631 nihil
743 1596 957 1642 enucleate,
979 1610 1056 1646 quo
1076 1597 1200 1647 possit
1219 1595 1303 1633 fieri
1331 1593 1478 1644 aliquid
1507 1592 1697 1632 limatius:

237 1654 329 1690 nihil
361 1661 494 1692 contra
525 1655 683 1705 grande,
706 1655 799 1692 nihil
828 1656 1043 1704 incitatum,
1076 1657 1172 1695 nihil
1203 1663 1381 1694 ornatum
1410 1655 1469 1692 vel
1495 1654 1697 1692 verborum

237 1716 423 1764 gravitate
445 1716 506 1753 vel
528 1716 818 1762 sententiarum,
840 1731 919 1767 qno
936 1719 1151 1770 quidquam
1172 1725 1274 1756 esset
1295 1717 1445 1756 elatius.

294 1777 396 1814 Ibicl.
418 1781 481 1814 31.
532 1778 834 1821 Quodammodo
865 1787 924 1818 est
958 1781 1141 1818 nonnulla
1173 1781 1210 1818 in
1243 1781 1287 1817 iis
1323 1780 1435 1816 etiam
1466 1779 1567 1816 inter
1594 1777 1698 1828 ipsos

239 1838 441 1889 [Catonem
462 1852 511 1876 sc.
530 1844 565 1876 et
588 1838 767 1887 Lysiam]
789 1840 1012 1879 similitudo.
1071 1843 1190 1879 Acuti
1210 1848 1313 1885 sunt,
1336 1841 1547 1889 elegantes,
1569 1839 1700 1886 faceti,

242 1900 389 1937 breves.
438 1900 515 1936 Sed
540 1901 602 1937 iile
624 1901 791 1937 Graecns
811 1903 862 1939 ab
878 1903 982 1940 omni
1004 1903 1117 1940 laude
1139 1902 1299 1939 felicior.
1349 1901 1480 1939 Habet
1501 1900 1599 1938 enim
1616 1913 1699 1938 cer-

240 1969 300 1999 tos
322 1962 379 1999 sui
401 1961 611 2007 studiosos,
636 1963 701 2012 qui
722 1975 796 2000 non
815 1971 890 2002 tam
912 1965 1068 2003 habitus
1095 1966 1269 2015 corporis
1291 1964 1456 2014 opimos,
1476 1977 1590 2014 quam
1614 1976 1701 2013 gra-

241 2023 406 2060 cilitates
423 2031 720 2066 conset-tentum
752 2037 864 2074 quOS,
886 2026 1068 2063 valetudo
1090 2025 1206 2062 modo
1228 2025 1329 2062 bona
1349 2024 1410 2070 sit,
1433 2024 1597 2062 tennitas
1617 2024 1701 2073 ipsa

241 2084 429 2122 delectat:
467 2098 688 2136 quanquam
720 2083 757 2120 iu
788 2087 905 2133 Lysia
925 2100 1030 2138 saepe
1065 2093 1153 2124 sunt
1177 2086 1291 2123 etiam
1312 2085 1458 2132 lacerti,
1479 2084 1534 2123 sic
1556 2091 1597 2122 ut
1617 2083 1699 2122 fieri

242 2146 334 2183 nihil
357 2148 481 2196 possit
500 2148 704 2187 valentius.

298 2207 409 2245 Orat.
431 2213 494 2246 15.
526 2209 645 2246 Dicat
665 2210 780 2260 igitur
802 2210 932 2247 Attice
949 2208 1246 2247 venustissimus
1267 2209 1328 2247 ille
1349 2207 1524 2260 Scriptor
1542 2221 1588 2246 ac
1602 2206 1700 2258 poli-

242 2269 410 2308 tissimus
443 2271 586 2321 Lysias.
645 2272 742 2316 Quis
770 2272 873 2309 enim
905 2272 942 2309 id
973 2272 1095 2322 possit
1127 2272 1291 2322 negare!
1320 2271 1411 2308 dum
1440 2270 1699 2321 intelligamus

243 2329 316 2367 hoc
346 2345 429 2370 esse
457 2335 635 2370 Atticum
657 2333 695 2370 in
717 2333 847 2384 Lysia,
875 2347 951 2371 non
978 2333 1084 2384 qnod
1107 2333 1232 2371 tenuis
1264 2332 1312 2371 sit
1336 2339 1456 2383 atque
1483 2333 1700 2378 inornatus,

244 2393 309 2430 sed
333 2395 436 2443 quod
461 2395 556 2432 nihil
578 2395 721 2433 habeat
736 2396 904 2434 insolens
922 2403 988 2434 aut
1009 2397 1196 2447 ineptum.

298 2454 400 2494 Ibid.
420 2460 483 2494 16.
516 2457 594 2500 Qui
616 2457 764 2508 Lysiam
794 2466 1020 2509 sequuntur,
1052 2459 1290 2497 causidicum
1317 2457 1509 2508 quendam
1530 2467 1702 2508 sequun-

245 2523 319 2564 tur,
337 2530 414 2555 non
436 2518 540 2556 illum
563 2519 719 2569 quidem
741 2521 913 2571 amplum
934 2527 1050 2571 atque
1071 2522 1269 2571 grandem,
1290 2519 1466 2557 subtilem
1487 2525 1527 2557 et
1546 2519 1700 2569 elegan-

246 2585 321 2616 tem
343 2585 487 2628 tamen,
509 2586 548 2617 et
568 2583 637 2630 qui
658 2581 695 2618 in
717 2582 936 2620 forensibus
958 2582 1083 2620 causis
1104 2583 1227 2633 possit
1245 2581 1428 2632 praeclare
1445 2581 1670 2619 consistere.

300 2636 405 2678 Ibid.
426 2644 513 2678 132.
544 2641 645 2679 Dum
662 2642 800 2680 imitari
814 2643 965 2694 Lysiam
981 2644 1076 2689 vult,
1094 2644 1254 2681 alterum
1269 2656 1367 2694 pene
1384 2643 1700 2682 Demosthenem.

301 2702 367 2740 De
386 2702 529 2753 optimo
546 2715 685 2753 genere
708 2705 931 2742 Oratorum.
992 2705 1204 2750 Imitemur,
1233 2705 1263 2741 si
1284 2705 1512 2754 poterimus,
1533 2705 1701 2755 Lysiam,

247 2770 287 2802 et
307 2763 390 2812 ejus
411 2763 570 2813 quidem
600 2764 828 2802 tenuitatem
855 2765 1110 2815 potissimum.
1168 2766 1239 2803 Est
1265 2766 1365 2803 enim
1393 2766 1518 2803 multis
1540 2765 1578 2802 in
1603 2766 1699 2804 locis

248 2824 454 2874 grandior:
488 2825 554 2862 sed
577 2825 669 2874 quia
690 2833 727 2862 et
756 2826 924 2875 privatas
948 2826 1011 2863 ille
1040 2827 1257 2876 plerasque,
1277 2834 1315 2864 et
1334 2840 1398 2864 eas
1422 2827 1525 2877 ipsas
1545 2826 1641 2873 aliis,
1661 2832 1700 2864 et

248 2900 451 2936 parvarum
464 2900 589 2925 rerum
609 2887 783 2925 causulas
805 2887 974 2937 scripsit,
990 2887 1142 2926 videtur
1157 2888 1443 2937 essejejunior,
1459 2889 1642 2939 quoniam
1659 2902 1700 2927 se

248 2947 330 2996 ipse
348 2947 526 2986 consulto
545 2947 593 2986 ad
616 2948 846 2987 minutarum
868 2960 1010 2997 genera
1031 2961 1233 2987 causarum
1255 2949 1458 2988 limaverit.
