1901 3244
744 209 834 252 AD
866 208 1110 251 LYSIAM.

199 329 384 370 διακεῖσθαι]
401 328 591 360 διακείσεσθαι
605 329 629 358 Ι.
645 326 748 358 Bekk.

201 372 382 415 ἡγήσασθαι]
401 372 563 412 ἡγήσεσθαι
577 373 599 402 Ι.
615 369 719 401 Bekk.

248 417 285 447 P.
302 419 376 448 566.
392 420 423 448 3.
440 420 470 447 8.
489 419 540 447 13.
557 420 587 445 et
603 416 655 444 16.
669 411 820 452 Λαοδάμ.]
838 418 914 442 Λειο-

203 459 277 500 aas...
295 460 315 490 Ι.
333 471 372 490 ιιι.
387 471 402 489 s
419 464 449 490 1.
466 459 567 489 Bekk.
634 456 718 486 Ibid.
735 455 784 496 τε]
803 465 834 493 γε
854 467 867 485 5
886 459 915 485 1.

204 507 236 534 4.
253 504 301 532 καὶ
316 505 414 533 τοῦτον
428 500 636 541 δοιιμασθῖῖναι
652 510 713 528 om.
728 510 759 538 q.
776 510 790 528 s
807 502 837 528 1.
884 501 915 529 6.

204 545 304 587 ὅπως]
320 545 348 580 ὃς
356 546 430 580 ὅπως
448 546 467 575 Ι.
482 544 584 574 Bekk.
638 543 719 573 Ibid.
733 541 914 582 διακεῖσθαι]

206 589 325 619 διεκεῖτο
343 590 362 619 Ι.
379 589 483 619 Bekk.
527 589 558 616 7.
570 585 717 625 γεγένηται
735 604 747 609 -
761 602 774 608 -
786 603 799 608 -
814 586 918 615 Bekk.

207 635 238 662 8.
254 632 315 673 ὅτε]
332 633 399 661 τότε
414 632 435 661 Ι.
452 631 553 661 Bekk.
614 632 643 660 9.
659 629 916 669 ἀποδοκιμάσητε]

206 676 424 714 ἀποδοκιμάσαι
439 674 461 703 Ι.
477 674 583 704 Bekk.
634 673 687 702 ult.
704 673 772 711 ὑμῖν
788 671 828 705 δὲ,
843 671 917 701 τόνδε

206 717 442 758 ἀποδοκιμάσαι.
457 716 552 757 δόξετε
566 717 635 758 γὰρ]
657 715 704 744 καὶ
727 716 749 745 εἰ
772 714 827 755 μὲν
842 714 919 745 τόνδε

807 331 914 366 antep.

1575 207 1658 249 695

947 325 1195 363 ἀποδοκιμάσετε,
1211 324 1305 363 δόξετε
1318 324 1337 355 Ι.
1354 322 1457 354 Bekk.
1506 342 1508 346 -

992 369 1030 398 P.
1046 369 1120 400 567.
1140 371 1170 396 1.
1185 367 1274 407 μηδὲ]
1290 370 1331 406 μὴ
1349 368 1369 397 Ι.
1387 367 1490 396 Bekk.
1544 368 1574 396 2.
1590 364 1658 406 οὐδ’]

948 412 996 441 οὐκ
1011 422 1025 440 5
1042 415 1072 441 1.
1088 421 1117 440 ν.
1163 411 1194 440 5.
1209 410 1257 439 καὶ
1274 411 1351 450 ὑμᾶς
1366 411 1528 448 zzz-omma
1545 420 1574 439 v.

993 454 1030 485 P.
1047 456 1121 484 568.
1139 456 1170 483 4.
1187 454 1252 488 τοὺς
1267 453 1421 494 τοιούτους]
1440 456 1505 487 τοὺς
1519 452 1660 486 τοιούτους

948 499 1014 533 τοὺς
1039 498 1144 528 Bekk.
1220 499 1250 527 8.
1279 495 1366 534 δοκεῖ]
1395 497 1484 526 δοκοῦν
1509 497 1530 525 Ι.
1556 496 1661 525 Bekk.

950 551 1022 581 pen.
1037 540 1176 581 πολλοὺς]
1195 539 1293 569 πολλοὶ
1311 539 1414 568 Bekk.

994 584 1031 615 P.
1047 586 1120 614 559.
1137 588 1167 615 5.
1181 582 1376 616 fiammae&
1391 593 1418 611 v.
1475 584 1526 611 10.
1541 580 1595 611 οὐδ’
1610 581 1660 622 ὡς]

951 629 1042 657 codd.
1059 633 1090 657 et
1115 628 1187 657 edd.
1254 629 1306 656 14.
1322 624 1434 664 πάντα]
1453 626 1510 653 πᾶν
1527 626 1544 653 Ι.
1559 625 1662 654 Bekk.

952 671 1036 701 Ibid.
1052 671 1149 711 εἰρήνῃ]
1175 669 1256 710 εἰρήνῃ
1278 668 1333 708 μὲν
1353 668 1376 698 Ι.
1392 679 1422 698 ν.
1439 667 1541 698 Bekk.
1611 670 1665 698 ΞΟ.

952 715 1045 756 ἦμᾶς]
1062 716 1138 754 ὑμᾶς
1154 714 1174 743 Ι.
1187 724 1216 744 v.
1234 713 1339 743 Bekk.

649 830 803 870 ΚΑΤΑ
835 828 1224 868 ΕΠΙΚΡΑΤΟΥΣ.

250 918 287 947 Ρ.
303 919 376 948 570.
394 917 450 946 ult.
472 918 605 946 τοσοῦτον
626 926 687 947 om.
711 916 731 945 Ι.
753 915 918 956 [τοσοῦτον]

211 959 315 991 Bekk.
361 960 441 990 lbid.
457 959 505 1000 τὸ]
522 959 570 989 τὸν
587 970 618 988 v.

253 1004 290 1034 P.
310 1006 385 1033 571.
402 1006 430 1032 1.
453 1003 535 1043 ἡμῖν]
552 1003 620 1041 ὑμῖν
637 1002 657 1031 Ι.
678 1002 782 1032 Bekk.
848 1012 920 1039 pen.

210 1047 261 1077 τοῦ
285 1045 389 1087 ἀνδρὸς]
411 1047 460 1074 τοῦ
482 1046 567 1075 αὐτοῦ
591 1044 680 1085 ἀνδρὸς
702 1046 722 1074 Ι.
745 1056 784 1074 m.
804 1056 818 1074 s
844 1048 872 1073 1.
890 1055 920 1074 v.

211 1089 315 1120 Bekk.
358 1088 438 1118 Ibid.
451 1089 687 1131 κατηγορούντων]
705 1088 923 1130 κατηγοροῦντος

208 1132 232 1162 l.
249 1143 263 1162 s
281 1135 310 1162 1.
327 1142 357 1161 ν.
376 1131 479 1162 Bekk.

255 1174 291 1204 P.
307 1177 382 1205 572.
401 1179 432 1205 1.
447 1174 526 1205 αὐτοὶ
541 1174 585 1216 δὲ]
601 1173 671 1204 ἀλλ’
686 1174 766 1204 αὐτοὶ
784 1174 804 1203 Ι.
818 1173 923 1204 Bekk-

210 1218 241 1247 5.
257 1217 342 1257 τότε]
365 1220 429 1250 τοὺς
452 1229 482 1248 ν.
504 1218 576 1247 Ald.
643 1220 672 1248 6.
689 1217 875 1256 ἐξαπατῆσαι
895 1228 923 1247 v.

211 1264 265 1290 20.
280 1261 383 1295 αὐτοὺς
397 1260 450 1300 εἷς]
467 1261 562 1294 αὐτοῖς
583 1261 604 1291 Ι.
622 1260 726 1291 Bekk.
807 1264 859 1290 ⁶21.
875 1260 922 1290 καὶ

211 1303 504 1344 καταψηφισάμενοι]
531 1304 577 1332 καὶ
607 1315 667 1334 οιιι.
695 1305 715 1333 1.
743 1314 783 1333 m.
807 1316 821 1334 5
842 1307 870 1333 1.
894 1314 924 1333 ν.

212 1346 316 1419 ἓξὲξ.
397 1349 449 1378 25.
465 1347 491 1376 εἴ
503 1346 589 1386 τινες]
603 1346 630 1376 οῖ’
641 1358 711 1380 τινες
723 1347 743 1376 Ι.
761 1357 801 1377 ιιι.
818 1357 832 1376 s
852 1350 880 1376 1.
894 1357 924 1376 v.

245 1401 260 1419 e
301 1400 317 1418 ·.

999 915 1119 945 P.573.
1137 917 1186 945 10.
1203 913 1296 954 ὑμῶν]
1309 914 1390 952 ὑμεῖς
1404 914 1424 942 Ι.
1438 912 1541 943 Bekk.
1555 913 1622 950 ὑμῖν
1634 923 1650 941 v
1661 934 1669 943 .

956 960 1009 989 13.
1020 957 1194 995 λαμβάνητε
1208 969 1238 988 v.
1275 959 1326 987 16.
1343 956 1530 996 ἀδικούμενοι]
1545 955 1599 996 [οἱ]
1610 956 1670 985 ἀδι-

955 1001 1079 1040 κούμενοι
1092 1001 1194 1031 Bekk.
1240 1003 1292 1031 20.
1303 998 1499 1040 ἐξαιτεῖσθαι]
1512 998 1670 1041 ἐξαιτήσον-

955 1057 1006 1074 ται
1024 1045 1043 1073 Ι.
1056 1044 1161 1074 Bekk.
1206 1048 1260 1075 22.
1276 1041 1487 1082 ἀποδείξαντες]
1504 1040 1670 1080 ἀποδείξαν·

956 1100 1013 1122 τας
1035 1088 1055 1117 l.
1075 1088 1180 1117 Bekk.
1247 1087 1302 1116 ult.
1327 1087 1395 1119 ἴσως
1416 1085 1464 1126 τε]
1490 1085 1537 1114 καὶ
1556 1085 1645 1119 ἴσωςΙ

956 1132 1032 1161 ὥστε
1046 1130 1149 1161 Bekk.

1004 1175 1041 1204 P.
1058 1177 1133 1205 574.
1149 1177 1181 1204 4.
1198 1172 1257 1213 ἔτι]
1272 1172 1338 1202 ἔστι
1354 1172 1458 1202 Bekk.
1507 1173 1538 1201 6.
1553 1170 1624 1201 αὐτό
1639 1181 1672 1209 γε

965 1228 979 1246 5
996 1221 1028 1247 1.
1045 1229 1074 1247 v.
1120 1222 1224 1257 autep.
1238 1214 1410 1256 ὠργίζεσθε]
1423 1212 1569 1255 ὀργίζεσθε
1581 1215 1601 1244 Ι.
1614 1226 1627 1244 5
1642 1219 1675 1244 1.

960 1261 1033 1290 ΑΙιΙ.
1051 1261 1154 1291 Bekk.
1222 1260 1276 1289 ult.
1293 1258 1498 1298 τιμωρήσατε]
1520 1258 1672 1298 τιμήσατε

959 1303 1062 1334 Bekk.

1003 1346 1040 1377 P.
1055 1347 1129 1377 575.
1146 1352 1251 1387 autep.
1266 1345 1375 1386 μέλλον
1390 1356 1404 1374 5
1423 1349 1453 1375 1.
1468 1344 1544 1375 Ald.

646 1454 799 1492 ΚΑΤΑ
833 1453 1239 1492 ΕΡΓΟΚΛΕΟΥΣ.

255 1538 296 1569 Ρ.
309 1540 384 1570 576.
399 1540 431 1569 9.
448 1538 596 1577 γενομένας
609 1549 639 1567 ν.
698 1541 750 1569 13.
763 1539 816 1577 γὰρ
833 1537 925 1579 δεινὸν]

212 1581 268 1620 γὰρ
285 1581 314 1612 δὴ
330 1581 440 1612 δεινόνΙ.
463 1593 477 1610 5
501 1585 531 1611 1.
548 1593 580 1613 ν.
604 1581 707 1613 Bekk.
727 1584 780 1621 γὰρ
798 1581 826 1611 δὲ
849 1581 928 1612 δεινὸν

258 1667 294 1697 Ρ.
313 1669 388 1697 577.
404 1669 436 1697 4.
452 1665 632 1705 ἐπηγγὲλετο
644 1679 657 1697 5
671 1672 701 1698 1.
757 1670 809 1699 10.
825 1666 926 1698 ἐπειδὴ

214 1709 278 1749 καὶ]
294 1710 341 1739 καὶ
359 1709 453 1741 ἐπειδὴ
468 1711 569 1740 Bekk.
615 1712 671 1740 ult.
688 1709 807 1741 Σεύσθου
825 1722 855 1742 ν.

259 1752 298 1783 P.
315 1755 389 1783 578.
406 1756 435 1784 5.
454 1753 569 1794 αὐτοὺς]
588 1753 703 1787 ἑαυτοὺς
714 1754 733 1784 Ι.
747 1754 851 1784 Bekk.
898 1756 928 1784 6.

215 1796 312 1837 ἀλλὰ]
330 1796 398 1836 ἅμα
414 1797 515 1826 Bekk.
565 1799 613 1827 12.
628 1798 721 1838 ὑμᾶς]
735 1798 813 1836 ἡμᾶς
824 1809 837 1827 5
854 1801 884 1828 1.
897 1809 928 1827 v.

215 1839 289 1869 Ald.
359 1842 410 1869 14.
427 1839 552 1879 τούτοις]
575 1840 689 1874 τούτους
709 1841 730 1870 Ι.
748 1852 761 1869 5
779 1845 807 1870 1.
826 1841 929 1872 Bekk.

218 1884 272 1913 23.
286 1881 458 1923 διαφθείρειν]
475 1881 687 1923 διαφθείροντας
701 1884 721 1913 l.
739 1884 842 1913 Bekk.

262 1924 300 1955 P.
315 1928 390 1955 579.
406 1928 436 1957 3.
454 1925 484 1965 ἢ]
499 1927 546 1955 καὶ
564 1927 639 1956 ΑΙά.
685 1929 715 1957 5.
733 1927 842 1968 ὥσπερ]
857 1923 931 1968 ᾧπερ

215 1967 238 1998 Ι.
257 1979 285 1998 v.
310 1967 412 1998 Bekk.
479 1971 511 1999 6·
537 1969 633 2010 ὅστις]
659 1969 704 2000 δ’τι
724 1969 806 2004 ὅστις
828 1970 932 2000 Bekk.

218 2014 270 2042 11.
283 2010 443 2052 ἡττῆσθαι]
462 2011 606 2042 ἡττᾶσθαι
623 2013 644 2043 Ι.
661 2024 688 2042 ν.
705 2012 810 2044 Bekk.
878 2017 930 2044 12.

961 1540 1084 1580 ποιεῖτε]
1096 1541 1212 1570 ποιῆσαι
1221 1539 1241 1568 Ι.
1253 1550 1267 1569 s
1280 1542 1307 1568 1.
1319 1549 1350 1568 v.
1363 1538 1588 1569 Bekkaroaiw.
1599 1538 1676 1568 Ald.

962 1585 1015 1613 13.
1031 1581 1206 1623 ποιήσασθε]
1231 1582 1411 1612 «ποιήσασθαι
1435 1583 1454 1611 1.
1471 1594 1484 1611 5
1509 1586 1535 1611 1.
1552 1594 1582 1613 ν.
1602 1583 1677 1612 ΑΙᾶ.

963 1625 1066 1655 Bekk.
1120 1637 1190 1664 peu.
1205 1628 1233 1654 οὐ
1245 1625 1390 1666 τοιαύτην]
1409 1625 1436 1655 οὐ
1452 1636 1512 1654 om.
1530 1626 1550 1655 Ι.
1568 1637 1581 1654 s
1601 1629 1629 1654 1.
1648 1637 1678 1655 v.

963 1668 1066 1699 Bekk.
1111 1668 1192 1699 Ibid.
1208 1668 1278 1698 ἀλλ’
1294 1667 1367 1708 ὅσοι]
1385 1667 1454 1698 ἀλλ’
1466 1680 1526 1698 οιιι.
1539 1669 1560 1698 Ι.
1572 1668 1676 1698 Bekk.

1007 1711 1045 1742 P.
1065 1714 1139 1743 580.
1157 1716 1185 1743 1.
1213 1711 1302 1752 ἔχειν]
1329 1712 1422 1752 ἴσχειν
1446 1713 1465 1742 Ι.
1490 1722 1531 1742 ιιι.
1557 1724 1570 1741 5
1592 1716 1621 1741 1.
1649 1723 1676 1742 ν.

963 1755 1065 1786 Bekk.
1111 1757 1143 1787 3.
1153 1755 1207 1785 ὑπὸ
1219 1755 1312 1795 λόγον]
1327 1756 1468 1793 ὑπόλογον
1482 1756 1581 1785 Bekk.
1628 1758 1679 1784 10.

964 1799 1130 1840 ποιήσωσιν]
1148 1799 1311 1829 ποιήσουσιν
1327 1797 1431 1828 Bekk.
1511 1802 1561 1829 14.
1577 1798 1678 1838 ἡγησό-

963 1841 1042 1882 μεθα
1060 1842 1132 1871 ΑΙά.

1009 1884 1045 1915 P.
1064 1887 1137 1915 581.
1156 1891 1185 1915 1.
1209 1883 1279 1914 δίκην
1302 1887 1351 1915 τὴν
1371 1883 1513 1924 μεγίστην
1533 1885 1555 1914 l.
1573 1884 1679 1915 Bekk.

965 1929 996 1957 5.
1012 1928 1118 1969 αὐτῶν]
1138 1928 1230 1957 αὐτῶν
1245 1928 1348 1959 Bekk.
1404 1933 1505 1968 autep.
1524 1927 1677 1969 γεγονέναι]

965 1969 1032 2000 εῖναι
1047 1970 1183 2011 γεγονέναι
1201 1982 1230 2001 v.
1276 1972 1334 2002 ult.
1346 1972 1395 2001 τὴν
1411 1970 1501 2012 δίκην]
1517 1973 1566 2002 τὴν
1581 1983 1642 2002 om.
1657 1972 1677 2001 Ι.

967 2014 1071 2045 Bekk.

639 2118 789 2157 ΚΑΤΑ
825 2119 1252 2158 ΦΙΛΟΚΡΑΤΟΥΣ.

262 2200 300 2231 P.
317 2204 391 2233 58⁴2.
408 2204 440 2232 7.
454 2198 533 2236 οὗτος
547 2213 562 2232 5
576 2206 607 2232 1.
676 2206 727 2232 10.
746 2203 889 2237 διατιθεὶς
903 2215 932 2234 ν.

219 2247 272 2275 19.
289 2244 358 2285 ποῦ]
377 2246 428 2275 ποῖ
440 2246 462 2276 Ι.
476 2255 490 2274 s
506 2248 536 2274 1.
560 2255 589 2275 ν.
605 2245 712 2277 Bekk.
778 2246 862 2276 Ibid.
875 2247 932 2289 πῇ]

216 2288 270 2320 ποῖ’
282 2288 303 2318 Ι.
320 2299 351 2318 ν.
398 2292 448 2319 14.
465 2287 595 2327 φαίνεται
614 2300 643 2320 ν.

263 2330 301 2361 Ρ.
317 2332 393 2362 583.
408 2334 440 2362 2.
455 2331 541 2361 αὐτὸν
556 2342 616 2362 om.
633 2334 654 2363 Ι.
672 2332 774 2363 Bekk.
821 2335 853 2363 5.
871 2332 932 2362 οὔκ-

218 2373 277 2414 ουν]
289 2374 378 2403 οὔκοῧν
391 2375 412 2403 Ι.
425 2385 439 2404 5
453 2378 482 2403 1.
495 2374 601 2405 Bekk.
664 2378 693 2406 9.
706 2375 749 2406 δύο
761 2375 851 2415 μόνας
866 2374 932 2405 εῖναι

218 2425 252 2446 v.
298 2419 350 2446 10.
361 2417 521 2457 προσήκειν]
538 2418 677 2458 «προσήκει
694 2421 714 2449 1.
730 2418 835 2449 Bekk.
881 2430 932 2448 au-

221 2464 284 2499 lep.
299 2461 394 2501 παρὰ]
408 2460 468 2501 περὶ
487 2471 501 2490 s
519 2464 549 2492 1.
566 2472 626 2492 om.
640 2473 671 2492 v.
732 2463 788 2493 ult.
804 2461 931 2504 ἐπειδὰν]

967 2203 1062 2235 ἐπειδὴ
1080 2205 1149 2234 cod.
1166 2205 1265 2235 Palat.
1284 2206 1386 2235 Bekk.

1012 2248 1049 2276 P.
1066 2250 1141 2278 584.
1157 2250 1186 2279 3.
1197 2248 1322 2289 μηνύειν]
1335 2246 1466 2286 μηνύσειν
1479 2247 1582 2277 Bekk.
1628 2249 1681 2277 16.

968 2292 1063 2320 πλεῖον
1075 2290 1112 2332 δ’]
1129 2290 1221 2321 πλείω
1237 2302 1267 2321 v.
1283 2291 1386 2321 Bekk.
1402 2290 1495 2321 πλείον
1510 2291 1581 2320 Ald.
1628 2292 1682 2322 19.

968 2333 1114 2373 ὀργίζεσθε
1131 2346 1144 2364 s
1163 2339 1193 2364 1.
1237 2338 1289 2364 ⁰20.
1306 2334 1485 2374 τιμωρεῖσθε
1503 2345 1531 2364 v.

1011 2377 1050 2406 P.
1067 2380 1140 2408 585.
1154 2380 1185 2408 7.
1200 2376 1227 2408 οἳ
1236 2375 1321 2419 ἦσαν]
1340 2378 1434 2408 εἴησαν
1445 2378 1466 2408 Ι.
1477 2377 1581 2408 Bekk.
1628 2377 1682 2407 ult.

966 2416 1009 2449 οὖν
1023 2431 1085 2451 om.
1100 2432 1130 2452 ν.

670 2569 824 2609 ΚΑΤΑ
857 2570 1227 2609 ΝΙΚΟΜΑΧΟΥ.

261 2652 301 2684 P.
317 2656 391 2685 586.
405 2660 509 2696 antep.
523 2654 608 2695 ἀξιῶ]
627 2655 702 2694 ἄξιον
714 2656 734 2686 Ι.
752 2657 857 2688 Bekk.

262 2698 302 2727 P.
317 2700 392 2728 587.
408 2701 440 2729 3.
453 2698 524 2739 ὅσα]
541 2697 583 2728 οἷα
599 2701 620 2728 l.
636 2710 676 2728 nl.
691 2710 705 2729 s
720 2703 750 2730 1.
764 2711 793 2730 v.
850 2701 932 2731 Ibid.

216 2738 257 2778 τῇ
272 2739 351 2770 πόλει
367 2752 397 2770 ν.
443 2752 513 2782 pen.
531 2743 581 2771 τοῦ
596 2742 676 2781 Σολ.]
689 2744 740 2772 τοῦ
752 2754 810 2773 om.
824 2755 853 2774 v.
869 2746 934 2779 τοὺς·

219 2782 285 2812 Σόλ.
300 2782 402 2813 Bekk.
449 2785 505 2814 ult.
521 2783 552 2823 ἓξ
567 2784 632 2825 ἔτη]
647 2785 728 2824 ἑξέτη
745 2785 848 2817 Bekk.

263 2824 302 2854 P.
315 2826 390 2856 588.
403 2830 455 2856 10.
467 2830 632 2869 παρασχεῖν
640 2839 669 2858 v.
715 2835 818 2870 antep.
828 2829 933 2860 ἔπειτα

219 2867 415 2908 διωρισμένον]
429 2869 477 2900 ἐπὶ
487 2873 527 2900 τὰ
538 2871 709 2911 διωρισμένα
725 2884 764 2902 ιιι.
780 2884 811 2912 q.
827 2884 840 2902 5
855 2877 886 2904 1.
903 2884 934 2903 v.

219 2921 293 2950 pen.
317 2909 488 2953 ἐποιήσατο]
510 2913 665 2944 ἐποιήσατε
688 2927 728 2946 m.
755 2927 788 2956 q.
811 2928 824 2945 5
855 2921 885 2946 1.
904 2927 932 2946 v.

219 2951 346 2983 ἐποίησεν
361 2954 504 3001 1.,ΒεΙζΙς.
559 2958 616 2988 ult.
632 2958 688 2988 ὅσα
698 2959 844 3000 χειρίσας]
862 2971 932 2989 τοσ-

217 2997 296 3026 αῦτα
319 3008 451 3037 χειρισας
466 2998 488 3027 Ι.
505 2997 560 3028 ὅσα
575 3000 712 3042 χειςίισας
737 3003 808 3033 Ald.
826 3004 935 3033 τοσαῧ·

220 3049 261 3069 τα
275 3039 454 3082 διαχειρίσας
469 3040 574 3072 Bekk.

1010 2658 1049 2689 P.
1068 2660 1145 2690 590.
1171 2663 1199 2689 1.
1221 2658 1335 2700 yfflbwv]
1360 2658 1456 2697 γονέων
1480 2670 1494 2688 5
1520 2662 1550 2688 1.
1575 2669 1636 2688 om.
1659 2659 1681 2689 Ι.

967 2701 1070 2731 Bekk.
1117 2705 1147 2733 2.
1163 2702 1335 2743 ποιήσασθε]
1353 2701 1532 2731 ποιησασῧαι
1545 2703 1565 2731 1.
1578 2701 1681 2731 Bekk.

967 2748 998 2775 5.
1014 2744 1098 2785 τότε]
1115 2745 1170 2783 ἐγὼ
1189 2747 1209 2775 Ι.
1233 2745 1335 2775 Bekk.
1404 2745 1487 2774 Ibid.
1504 2743 1579 2783 ἐμῶν
1596 2744 1680 2785 τότε]

966 2786 1042 2827 ἐμῶν
1057 2789 1151 2828 τούτῳ
1166 2788 1233 2819 τότε
1250 2800 1280 2818 v.
1296 2787 1398 2817 Bekk.
1444 2789 1476 2816 7.
1488 2787 1560 2826 ὅπερ
1573 2798 1633 2817 om.
1650 2799 1682 2818 v.

968 2837 1073 2871 antep.
1089 2837 1120 2861 et
1136 2843 1207 2873 pen.
1220 2829 1399 2871 τριακοσίων]
1408 2830 1597 2869 τετρακοσίων
1609 2831 1682 2861 Ald.

968 2873 1072 2904 Bekk.
1150 2875 1233 2904 lbid.
1250 2873 1354 2913 {vSuptn
1377 2873 1448 2913 τῶν]
1473 2871 1571 2913 ἐνθυμ.
1589 2872 1632 2903 ὅτι
1650 2872 1683 2904 ἐκ

967 2920 1022 2948 τῶν
1049 2918 1069 2947 Ι.
1097 2917 1201 2947 Bekk.
1276 2927 1347 2955 peu.
1370 2914 1403 2944 ἐκ
1423 2919 1480 2946 τῶν
1497 2916 1684 2957 τετρακοσίων

966 2962 1064 2991 πλεῖον
1077 2960 1091 2991 ἢ
1110 2960 1215 3002 χίλιοι]
1232 2961 1328 2989 πλεῖον
1341 2959 1355 2990 ἢ
1371 2959 1461 3001 χίλιοι
1474 2962 1531 2989 τῶν
1544 2970 1683 3000 τετρακο-

968 3004 1035 3034 σίων
1051 3005 1072 3032 Ι.
1089 3001 1191 3032 Bekk.

1013 3048 1048 3077 Ρ.
1064 3048 1139 3077 591.
1156 3047 1188 3076 9.
1204 3043 1321 3086 νομίζων
1335 3056 1367 3077 v.
1424 3049 1474 3077 10.
1488 3045 1607 3088 ἀδίκως]
1622 3043 1681 3077 ἀδί-
