1839 3229
217 154 301 194 252
696 151 731 194 Ι.
766 151 892 194 ΟΤΤ.
924 151 1204 195 SLUITERI

221 271 263 310 p.
284 261 376 298 105.
397 271 434 297 v·
455 262 520 297 13.
541 271 655 310 seqq.
676 258 738 297 ed.
765 259 901 310 Steph.
957 260 1070 298 Adeo
1098 265 1227 298 autem
1256 259 1319 299 hic
1345 259 1574 312 perturbata
1593 264 1685 297 sunt

223 320 368 366 omnia,
390 326 433 359 ut
453 320 616 359 subinde
636 334 757 359 nexus
776 321 902 358 nullus
930 333 1057 378 neque
1076 321 1373 372 cogitationum,
1393 335 1520 373 neque
1541 319 1682 359 oratio-

223 384 298 429 nis,
315 389 517 434 appareat.
546 384 696 421 Auctor
711 382 826 432 hujus
843 382 1139 420 declamationis
1156 383 1285 421 omnia
1301 383 1521 434 permiscet,
1539 382 1685 421 ordinis

225 445 369 484 nullam
398 445 518 483 habet
548 445 757 483 rationem:
790 444 917 494 largus
946 449 1006 481 est
1035 444 1162 482 verbis
1192 444 1367 495 locisque
1397 444 1684 491 communibus,

227 507 506 546 sententiarum
527 512 564 545 et
586 510 899 556 argumentorum
919 518 1075 556 parcus,
1098 512 1141 544 ut
1162 506 1350 556 sophistae
1371 512 1548 544 ornatum
1568 506 1684 545 facile

225 569 398 620 detegas.
456 568 729 619 Sophistarum
751 567 900 618 quippe
920 573 993 613 est,
1023 567 1115 605 dum
1137 580 1265 605 veram
1292 581 1449 606 causam
1470 568 1684 619 negligunt,

226 633 263 670 in
286 633 395 670 locos
417 643 642 669 communes
664 629 832 679 evagari,
855 629 980 679 qualis
1010 629 1075 668 hic
1103 630 1318 680 pracsertim
1340 635 1399 668 est
1427 630 1536 668 locus
1558 629 1603 668 de
1621 630 1686 667 ira

226 694 414 732 Numinis
442 698 480 730 et
509 691 684 730 vindicta
713 690 861 738 divina,
892 702 980 742 quae
1010 691 1127 740 ἷεηίο,
1153 692 1221 731 sed
1248 697 1367 742 certo,
1393 691 1527 743 gradu
1547 691 1686 742 impios

226 759 506 806 consequatur:
538 754 570 791 is
600 753 717 804 igitur
745 753 856 791 locus
876 766 898 790 a
919 753 1210 805 Pseudo—Lysia
1235 754 1284 792 ad
1313 753 1530 792 satietatem
1559 765 1684 804 usque

227 817 457 855 inculcatur.
497 815 636 866 Neque
657 815 760 853 enim
780 815 955 853 subsistit
974 815 1011 852 in
1029 816 1133 866 ῥήσει
1154 816 1228 854 ista
1246 816 1411 866 longiori
1432 829 1472 867 ρ.-
1490 819 1580 854 105.
1597 829 1630 853 ν.
1645 818 1685 853 6.

226 878 308 916 οὔτε
335 880 408 929 γὰρ
439 879 457 915 ὁ
487 877 571 920 θεὸς
600 884 836 929 παραχρῆμα
867 878 1011 922 κολάζει
1039 884 1128 916 caet.
1157 891 1273 928 quam
1293 883 1438 924 tamen,
1458 878 1686 929 quicunque

226 940 496 979 Andocideam
518 939 563 978 de
584 939 797 990 Mysterz'is
818 939 968 989 legerit,
989 939 1101 978 facile
1118 940 1249 978 videat
1269 940 1321 978 ad
1335 940 1453 978 verba
1468 939 1687 978 Andocidis

225 1016 310 1041 esse
340 1002 523 1048 effictam,
554 1015 630 1039 non
661 1006 792 1040 autem
824 1001 1011 1052 scriptam
1031 1001 1081 1040 ab
1104 1001 1312 1040 Andocide
1332 1001 1598 1040 defensionem
1626 1004 1683 1053 (p.

228 1069 293 1103 18.
314 1077 347 1101 v.
369 1065 451 1112 12.)
471 1069 514 1102 ut
534 1063 709 1115 Lysiacae
741 1063 998 1114 disputationi
1027 1064 1072 1102 de
1099 1077 1183 1102 sera
1213 1063 1400 1102 Numinis
1425 1063 1600 1102 vindicta
1626 1075 1687 1101 re-

227 1125 463 1177 sponderet:
487 1126 646 1176 longum
668 1125 784 1176 igitur
802 1125 919 1163 istum
935 1138 1105 1176 pannum
1124 1125 1406 1176 Philosophum
1424 1138 1492 1163 seu
1507 1125 1690 1163 Ethicum

226 1188 426 1225 consuisse
446 1187 700 1226 declamatori
729 1200 807 1225 non
827 1186 984 1232 sufficit,
1006 1187 1072 1225 sed
1096 1187 1135 1226 in
1155 1187 1211 1225 ira
1230 1187 1296 1225 illa
1316 1187 1446 1225 divina
1465 1188 1611 1238 saepius
1631 1199 1691 1226 re-

225 1249 435 1300 coquenda
453 1249 566 1300 genio
585 1249 783 1300 indulget:
812 1248 861 1287 ‘O
880 1248 966 1292 θεὸς
987 1252 1061 1298 γάρ
1078 1251 1196 1295 λήθην
1215 1249 1597 1302 ἕδωκεν·--’Έφευγε
1621 1249 1692 1301 μὲν

226 1310 310 1355 τούς
330 1311 459 1350 ἐνθάδε
477 1311 594 1354 θεοὺς·
607 1312 714 1348 -ἏΑ
736 1311 848 1363 τοῦτῳ
868 1313 887 1348 ὁ
907 1310 993 1354 θεὸς
1011 1313 1075 1349 οὒκ
1094 1312 1156 1349 ἐπὶ
1177 1311 1337 1363 σωτηρίᾳ
1355 1312 1513 1350 ἐπινοεῖν
1528 1311 1690 1359 δίδωσιν,

226 1377 332 1413 ἀλλά
350 1375 622 1426 τιμωρούμενος
641 1380 714 1412 τῶν
736 1376 998 1425 ’γεγενημένων
1017 1372 1281 1426 ἀσεβημάτων·
1297 1396 1349 1402 —
1361 1372 1429 1421 Mv)
1455 1377 1532 1426 γάρ
1551 1375 1691 1423 οἴεσθε,

226 1433 253 1476 ὦ
271 1436 402 1488 ἄνδρες
418 1436 599 1482 δικασταὶ,
618 1440 648 1474 εἰ
668 1438 772 1487 ὑμεῖς
791 1434 980 1482 βούλεσθε
997 1439 1044 1474 τά
1060 1436 1174 1488 τούτῳ
1189 1438 1416 1487 πεποιημένα
1429 1435 1689 1484 ἐπιλαθέσθαι,

228 1502 288 1538 καὶ
307 1500 393 1541 τοὺς
423 1497 532 1541 θεοὺς
562 1497 942 1543 ἐπιλί]σεσ9αι·-“Ο
973 1497 1009 1535 δὲ
1038 1496 1124 1541 θεὸς
1152 1499 1295 1547 ὑπῆγεν
1317 1501 1443 1537 αὑτόν·
1461 1498 1619 1543 ῄ-Πῶς
1647 1502 1689 1538 οὒ

225 1566 318 1602 Θεῶν
338 1578 393 1605 τις
413 1563 480 1606 τὴν
500 1560 627 1599 τούτου
649 1565 804 1612 γνώμην
822 1560 1018 1613 διέφθειρεν
1031 1560 1242 1611 3——passim
1260 1560 1346 1599 haec
1359 1573 1430 1611 per
1449 1565 1572 1600 totam
1589 1561 1690 1599 Ora-

227 1624 374 1663 tionem
395 1636 530 1674 sparsa
551 1629 653 1661 sunt.
712 1623 819 1660 Nihil
838 1636 929 1660 vero
951 1623 1145 1660 rhetorem
1173 1622 1293 1673 magis
1313 1623 1416 1674 sapit
1435 1630 1475 1662 et
1494 1623 1690 1663 declama-

228 1693 368 1733 torem,
385 1699 502 1736 quam
524 1684 671 1735 injecta
694 1684 877 1735 Diagorae
900 1684 1012 1722 Melii
1034 1683 1194 1731 mentio,
1215 1698 1253 1735 p.
1269 1689 1361 1723 104.
1376 1698 1413 1724 v.
1434 1689 1502 1725 39.
1525 1686 1589 1724 ubi
1609 1689 1691 1724 An-

225 1752 389 1791 docides
410 1751 554 1790 dicitur
571 1751 758 1801 Διαγόρου
778 1754 841 1788 τοῦ
859 1749 1014 1796 ΒῙηλίου
1039 1747 1301 1802 ἀσεβέστερος,
1319 1750 1573 1801 hyperbolice
1591 1750 1692 1789 adeo

225 1820 265 1853 et
282 1826 351 1866 per
371 1814 523 1861 αὔξησιν
540 1812 810 1863 sophisticam,
831 1818 888 1858 ut,
909 1811 1015 1862 quod
1035 1810 1071 1849 ei
1091 1811 1214 1850 simile
1242 1811 1304 1858 sit,
1324 1812 1362 1850 in
1383 1812 1512 1864 Lysiae
1531 1811 1689 1852 Oratio-

225 1877 342 1916 nibus
360 1889 441 1914 non
459 1875 685 1926 reperiatur.
864 1921 868 1923 ‚
1433 1908 1436 1909 γ

281 1938 436 1976 Deinde
456 1950 577 1988 quun
594 1935 821 1975 Andocides
843 1937 881 1974 in
910 1936 1112 1978 Oratione,
1130 1948 1248 1985 quam
1268 1935 1360 1974 huic
1379 1934 1516 1973 dicunt
1535 1940 1691 1974 contra-

226 2001 337 2048 riam,
358 1999 577 2052 praesertim
604 1999 642 2036 id
675 2005 777 2048 agat,
798 2005 840 2036 ut
862 1997 1042 2036 ostendat
1069 1997 1283 2035 Isotimidis
1313 1996 1543 2048 Psephisma
1570 1997 1620 2036 ad
1649 2010 1690 2035 se

225 2077 304 2102 non
333 2063 541 2113 pertinere,
570 2067 610 2100 et
637 2061 867 2111 abrogatum
896 2073 979 2097 esse
1009 2072 1080 2110 per
1108 2059 1380 2110 Psephismata
1401 2058 1633 2098 Patroclidis
1652 2064 1692 2097 et

226 2125 440 2172 Tisameni,
470 2126 692 2175 Legemque
722 2124 977 2174 α’μνηστείαςῑ
1008 2127 1089 2159 tum
1119 2134 1211 2159 vero
1241 2135 1281 2159 se
1312 2134 1470 2171 quoque
1500 2120 1692 2159 contineri

225 2187 353 2238 pactis
375 2192 467 2238 post
485 2186 651 2225 reditum
679 2184 815 2236 populi
843 2183 962 2228 initis,
991 2190 1032 2221 et
1057 2182 1318 2234 jurejurando
1346 2182 1420 2221 illis
1452 2182 1691 2234 temporibus

226 2250 417 2300 praestito,
438 2248 553 2286 facile
573 2246 815 2297 intelligitur,
831 2245 870 2283 id
889 2244 1007 2283 fuisse
1022 2251 1141 2296 caput
1155 2244 1431 2291 accusationis,
1443 2244 1691 2283 Andocidem

227 2311 494 2361 psephismate
528 2308 739 2347 Isotimidis
768 2306 891 2346 arceri
911 2320 933 2345 a
953 2306 1122 2357 templis,
1151 2320 1280 2357 neque
1300 2306 1350 2344 ad
1370 2306 1496 2356 ipsum
1518 2307 1691 2344 Decreta

227 2372 291 2410 illa
310 2371 546 2410 Patroclidis
561 2377 601 2409 et
614 2369 810 2409 Tisameni
827 2369 1034 2421 pertinere.
1065 2368 1144 2406 Hic
1159 2381 1251 2407 vero
1266 2381 1394 2419 neque
1409 2367 1690 2419 Psephismatis

227 2447 356 2484 neque
376 2435 524 2484 Legum
550 2433 704 2472 illarum
734 2431 813 2472 ulla
841 2431 1012 2470 mentio:
1042 2436 1161 2482 pacta
1188 2436 1227 2469 et
1247 2429 1527 2481 jusjurandum
1556 2429 1691 2468 leviter

227 2502 453 2547 tanguntur,
476 2509 547 2533 nec
566 2495 760 2534 subtiliter
779 2495 828 2533 de
849 2494 894 2532 iis
912 2492 1149 2544 disputatur,
1167 2498 1211 2531 ut
1232 2493 1331 2530 solet
1350 2492 1499 2543 Lysim,
1520 2492 1588 2530 sed
1607 2492 1687 2530 cla-

228 2565 308 2598 mat
327 2559 444 2597 homo
464 2563 503 2596 et
523 2564 694 2608 perorat.

278 2621 403 2659 Porro
432 2619 520 2671 quis
553 2619 688 2657 credat
717 2619 923 2657 Oratorem
961 2625 1043 2657 tota
1076 2617 1308 2667 antiquitate
1338 2614 1688 2654 celebratissimum

226 2683 368 2734 saepius
388 2695 459 2733 per
478 2681 738 2732 ignorantiam
756 2680 795 2717 in
814 2694 964 2719 errores
986 2693 1069 2718 esse
1085 2682 1250 2729 lapsum,
1268 2683 1335 2716 aut
1353 2677 1428 2715 sibi
1448 2676 1577 2727 ipsum
1598 2689 1690 2715 con-

226 2746 344 2785 traria
359 2744 532 2784 dixisse?
562 2741 668 2792 quod
690 2742 727 2779 in
749 2742 821 2783 hac
844 2743 1032 2782 Oratione
1054 2741 1196 2791 saepius
1223 2741 1371 2778 factum
1392 2753 1476 2777 esse
1498 2738 1687 2778 videmus.

224 2808 286 2847 Ita
305 2821 339 2846 v.
361 2821 399 2858 g.
419 2819 458 2857 p.
479 2810 571 2844 104.
594 2818 628 2841 ν.
660 2807 724 2841 15.
755 2803 899 2842 dicitur
930 2803 1162 2841 Andocides
1191 2814 1396 2840 accusasse
1427 2801 1687 2874 Aristippum,

223 2870 374 2920 φάσκων
399 2866 554 2915 ἀσεβεῖν
573 2868 652 2918 περὶ
682 2866 746 2903 τὸν
763 2865 902 2916 Ἑρμῆν
928 2866 991 2905 τὸν
1017 2866 1130 2903 αὑτοῦ
1159 2867 1354 2915 πατρῷονς
1385 2864 1495 2914 quasi
1524 2864 1689 2914 Hennes

222 2932 286 2969 ille
308 2944 329 2969 a
349 2929 563 2979 majoribus
584 2927 661 2967 suis
686 2934 789 2966 esset
807 2933 1072 2973 consecratus,
1093 2939 1208 2976 quem
1237 2930 1391 2965 constat
1416 2924 1540 2965 fuisse
1567 2925 1688 2964 dona-
