<?xml version="1.0" encoding="UTF-8"?>
<!DOCTYPE html PUBLIC "-//W3C//DTD XHTML 1.0 Transitional//EN"
    "http://www.w3.org/TR/xhtml1/DTD/xhtml1-transitional.dtd">
<html xmlns="http://www.w3.org/1999/xhtml" xml:lang="en" lang="en">
 <head>
  <title>
</title>
<meta http-equiv="Content-Type" content="text/html;charset=utf-8" />
  <meta name='ocr-system' content='tesseract 3.04.00' />
  <meta name='ocr-capabilities' content='ocr_page ocr_carea ocr_par ocr_line ocrx_word'/>
</head>
<body>
  <div class='ocr_page' id='page_1' title='image "./oratoresatticie02dobs/oratoresatticie02dobs_0071.png"; bbox 0 0 1819 3219; ppageno 0'>
   <div class='ocr_carea' id='block_1_1' title="bbox 696 183 1583 232">
    <p class='ocr_par' dir='ltr' id='par_1_1' title="bbox 696 183 1583 232">
     <span class='ocr_line' id='line_1_1' title="bbox 696 183 1583 232; baseline 0.007 -6"><span class='ocrx_word' id='word_1_1' title='bbox 696 183 1027 228; x_wconf 83' lang='lat' dir='ltr'>PRAEFATtO.</span> <span class='ocrx_word' id='word_1_2' title='bbox 1140 224 1148 232; x_wconf 86' lang='lat'>.</span> <span class='ocrx_word' id='word_1_3' title='bbox 1527 191 1583 232; x_wconf 84' lang='lat'>29</span> 
     </span>
    </p>
   </div>
   <div class='ocr_carea' id='block_1_2' title="bbox 141 292 1598 2993">
    <p class='ocr_par' dir='ltr' id='par_1_2' title="bbox 141 292 1598 2993">
     <span class='ocr_line' id='line_1_2' title="bbox 143 292 1582 342; baseline 0.001 -9"><span class='ocrx_word' id='word_1_4' title='bbox 143 300 278 333; x_wconf 84' lang='lat' dir='ltr'>cuturo</span> <span class='ocrx_word' id='word_1_5' title='bbox 299 292 491 336; x_wconf 85' lang='lat' dir='ltr'>iudicarc;</span> <span class='ocrx_word' id='word_1_6' title='bbox 523 292 587 330; x_wconf 89' lang='lat' dir='ltr'>ubi</span> <span class='ocrx_word' id='word_1_7' title='bbox 607 292 720 329; x_wconf 88' lang='lat' dir='ltr'>etiam</span> <span class='ocrx_word' id='word_1_8' title='bbox 742 292 903 340; x_wconf 87' lang='lat' dir='ltr'>reliquas</span> <span class='ocrx_word' id='word_1_9' title='bbox 924 292 1070 330; x_wconf 89' lang='lat' dir='ltr'>codicis</span> <span class='ocrx_word' id='word_1_10' title='bbox 1091 292 1295 342; x_wconf 85' lang='lat' dir='ltr'>hujusdem</span> <span class='ocrx_word' id='word_1_11' title='bbox 1317 295 1502 334; x_wconf 77' lang='lat' dir='ltr'>lectiones</span> <span class='ocrx_word' id='word_1_12' title='bbox 1523 309 1582 334; x_wconf 87' lang='lat' dir='ltr'>rc-</span> 
     </span>
     <span class='ocr_line' id='line_1_3' title="bbox 143 354 1582 407; baseline 0.002 -14"><span class='ocrx_word' id='word_1_13' title='bbox 143 355 396 405; x_wconf 88' lang='lat' dir='ltr'>praesentabo,</span> <span class='ocrx_word' id='word_1_14' title='bbox 417 367 505 404; x_wconf 85' lang='lat' dir='ltr'>quae</span> <span class='ocrx_word' id='word_1_15' title='bbox 520 366 596 391; x_wconf 89' lang='lat' dir='ltr'>uon</span> <span class='ocrx_word' id='word_1_16' title='bbox 613 367 726 392; x_wconf 76' lang='lat' dir='ltr'>inerae</span> <span class='ocrx_word' id='word_1_17' title='bbox 747 354 822 391; x_wconf 85' lang='lat' dir='ltr'>sint</span> <span class='ocrx_word' id='word_1_18' title='bbox 838 354 974 391; x_wconf 81' lang='lat' dir='ltr'>calami</span> <span class='ocrx_word' id='word_1_19' title='bbox 995 354 1268 393; x_wconf 84' lang='lat' dir='ltr'>aberratioues.</span> <span class='ocrx_word' id='word_1_20' title='bbox 1301 357 1370 405; x_wconf 79' lang='lat' dir='ltr'>Egi</span> <span class='ocrx_word' id='word_1_21' title='bbox 1387 358 1582 407; x_wconf 80' lang='lat' dir='ltr'>equidem,</span> 
     </span>
     <span class='ocr_line' id='line_1_4' title="bbox 141 415 1580 466; baseline 0.002 -12"><span class='ocrx_word' id='word_1_22' title='bbox 141 416 180 454; x_wconf 86' lang='lat' dir='ltr'>id</span> <span class='ocrx_word' id='word_1_23' title='bbox 209 415 316 465; x_wconf 92' lang='lat' dir='ltr'>quod</span> <span class='ocrx_word' id='word_1_24' title='bbox 346 415 484 453; x_wconf 91' lang='lat' dir='ltr'>videtis</span> <span class='ocrx_word' id='word_1_25' title='bbox 514 415 691 461; x_wconf 87' lang='lat' dir='ltr'>lectores,</span> <span class='ocrx_word' id='word_1_26' title='bbox 721 416 826 465; x_wconf 86' lang='lat' dir='ltr'>quod</span> <span class='ocrx_word' id='word_1_27' title='bbox 861 415 992 465; x_wconf 89' lang='lat' dir='ltr'>potui;</span> <span class='ocrx_word' id='word_1_28' title='bbox 1025 428 1163 466; x_wconf 86' lang='lat' dir='ltr'>neque,</span> <span class='ocrx_word' id='word_1_29' title='bbox 1195 416 1300 466; x_wconf 89' lang='lat' dir='ltr'>quod</span> <span class='ocrx_word' id='word_1_30' title='bbox 1325 416 1362 454; x_wconf 92' lang='lat' dir='ltr'>in</span> <span class='ocrx_word' id='word_1_31' title='bbox 1388 430 1448 455; x_wconf 87' lang='lat' dir='ltr'>me</span> <span class='ocrx_word' id='word_1_32' title='bbox 1469 420 1580 457; x_wconf 86' lang='lat' dir='ltr'>situm</span> 
     </span>
     <span class='ocr_line' id='line_1_5' title="bbox 141 477 1581 529; baseline 0.001 -13"><span class='ocrx_word' id='word_1_33' title='bbox 141 485 254 524; x_wconf 86' lang='lat' dir='ltr'>esset,</span> <span class='ocrx_word' id='word_1_34' title='bbox 276 491 403 527; x_wconf 81' lang='lat' dir='ltr'>operae</span> <span class='ocrx_word' id='word_1_35' title='bbox 433 477 627 527; x_wconf 89' lang='lat' dir='ltr'>studiique</span> <span class='ocrx_word' id='word_1_36' title='bbox 647 477 856 527; x_wconf 88' lang='lat' dir='ltr'>quicquam</span> <span class='ocrx_word' id='word_1_37' title='bbox 880 491 1013 528; x_wconf 86' lang='lat' dir='ltr'>passus</span> <span class='ocrx_word' id='word_1_38' title='bbox 1042 491 1124 515; x_wconf 90' lang='lat' dir='ltr'>sum</span> <span class='ocrx_word' id='word_1_39' title='bbox 1145 477 1368 525; x_wconf 81' lang='lat' dir='ltr'>desiderari,</span> <span class='ocrx_word' id='word_1_40' title='bbox 1390 492 1466 529; x_wconf 89' lang='lat' dir='ltr'>quo</span> <span class='ocrx_word' id='word_1_41' title='bbox 1488 494 1581 518; x_wconf 88' lang='lat' dir='ltr'>con-</span> 
     </span>
     <span class='ocr_line' id='line_1_6' title="bbox 141 538 1582 590; baseline 0.001 -13"><span class='ocrx_word' id='word_1_42' title='bbox 141 553 322 590; x_wconf 84' lang='lat' dir='ltr'>sequerer</span> <span class='ocrx_word' id='word_1_43' title='bbox 350 540 439 584; x_wconf 87' lang='lat' dir='ltr'>hoc,</span> <span class='ocrx_word' id='word_1_44' title='bbox 468 547 509 577; x_wconf 86' lang='lat' dir='ltr'>ut</span> <span class='ocrx_word' id='word_1_45' title='bbox 534 539 684 590; x_wconf 83' lang='lat' dir='ltr'>Lysiam</span> <span class='ocrx_word' id='word_1_46' title='bbox 705 539 814 577; x_wconf 91' lang='lat' dir='ltr'>vobis</span> <span class='ocrx_word' id='word_1_47' title='bbox 841 539 1027 577; x_wconf 77' lang='lat' dir='ltr'><strong>traderem</strong></span> <span class='ocrx_word' id='word_1_48' title='bbox 1057 538 1295 577; x_wconf 84' lang='lat' dir='ltr'>mundiorem</span> <span class='ocrx_word' id='word_1_49' title='bbox 1324 546 1362 578; x_wconf 82' lang='lat' dir='ltr'>et</span> <span class='ocrx_word' id='word_1_50' title='bbox 1391 542 1582 579; x_wconf 86' lang='lat' dir='ltr'>emacula-</span> 
     </span>
     <span class='ocr_line' id='line_1_7' title="bbox 141 601 1582 651; baseline 0.002 -12"><span class='ocrx_word' id='word_1_51' title='bbox 141 602 291 648; x_wconf 89' lang='lat' dir='ltr'>tiorem,</span> <span class='ocrx_word' id='word_1_52' title='bbox 325 614 438 651; x_wconf 89' lang='lat' dir='ltr'>quam</span> <span class='ocrx_word' id='word_1_53' title='bbox 471 607 561 638; x_wconf 88' lang='lat' dir='ltr'>aute</span> <span class='ocrx_word' id='word_1_54' title='bbox 595 614 653 638; x_wconf 88' lang='lat' dir='ltr'>me</span> <span class='ocrx_word' id='word_1_55' title='bbox 680 601 803 639; x_wconf 86' lang='lat' dir='ltr'>lectus</span> <span class='ocrx_word' id='word_1_56' title='bbox 833 609 870 639; x_wconf 89' lang='lat' dir='ltr'>et</span> <span class='ocrx_word' id='word_1_57' title='bbox 903 602 940 639; x_wconf 92' lang='lat' dir='ltr'>in</span> <span class='ocrx_word' id='word_1_58' title='bbox 973 601 1171 638; x_wconf 88' lang='lat' dir='ltr'>hominum</span> <span class='ocrx_word' id='word_1_59' title='bbox 1204 601 1377 639; x_wconf 88' lang='lat' dir='ltr'>manibus</span> <span class='ocrx_word' id='word_1_60' title='bbox 1410 610 1582 642; x_wconf 86' lang='lat' dir='ltr'>versatus</span> 
     </span>
     <span class='ocr_line' id='line_1_8' title="bbox 142 661 1584 713; baseline 0.001 -12"><span class='ocrx_word' id='word_1_61' title='bbox 142 669 256 702; x_wconf 84' lang='lat' dir='ltr'>esset.</span> <span class='ocrx_word' id='word_1_62' title='bbox 286 664 529 701; x_wconf 82' lang='lat' dir='ltr'>Consecutus</span> <span class='ocrx_word' id='word_1_63' title='bbox 549 662 651 699; x_wconf 85' lang='lat' dir='ltr'>omni</span> <span class='ocrx_word' id='word_1_64' title='bbox 665 677 710 700; x_wconf 85' lang='lat' dir='ltr'>ex</span> <span class='ocrx_word' id='word_1_65' title='bbox 724 670 833 713; x_wconf 85' lang='lat' dir='ltr'>parte</span> <span class='ocrx_word' id='word_1_66' title='bbox 853 663 882 700; x_wconf 88' lang='lat' dir='ltr'>si</span> <span class='ocrx_word' id='word_1_67' title='bbox 898 670 973 700; x_wconf 79' lang='lat' dir='ltr'>n&#39;on</span> <span class='ocrx_word' id='word_1_68' title='bbox 990 676 1070 700; x_wconf 91' lang='lat' dir='ltr'>sum</span> <span class='ocrx_word' id='word_1_69' title='bbox 1093 661 1145 707; x_wconf 89' lang='lat' dir='ltr'>id,</span> <span class='ocrx_word' id='word_1_70' title='bbox 1162 661 1265 712; x_wconf 90' lang='lat' dir='ltr'>quod</span> <span class='ocrx_word' id='word_1_71' title='bbox 1284 662 1584 712; x_wconf 87' lang='lat' dir='ltr'>contendebam,</span> 
     </span>
     <span class='ocr_line' id='line_1_9' title="bbox 142 723 1583 775; baseline 0.001 -13"><span class='ocrx_word' id='word_1_72' title='bbox 142 725 256 775; x_wconf 80' lang='lat' dir='ltr'>culpa</span> <span class='ocrx_word' id='word_1_73' title='bbox 277 737 402 762; x_wconf 84' lang='lat' dir='ltr'>careo.</span> <span class='ocrx_word' id='word_1_74' title='bbox 443 725 609 761; x_wconf 79' lang='lat' dir='ltr'>Fortuna</span> <span class='ocrx_word' id='word_1_75' title='bbox 630 724 764 770; x_wconf 89' lang='lat' dir='ltr'>defuit,</span> <span class='ocrx_word' id='word_1_76' title='bbox 786 737 861 761; x_wconf 91' lang='lat' dir='ltr'>non</span> <span class='ocrx_word' id='word_1_77' title='bbox 881 724 1072 761; x_wconf 86' lang='lat' dir='ltr'>voluntas.</span> <span class='ocrx_word' id='word_1_78' title='bbox 1110 723 1433 774; x_wconf 81' lang='lat' dir='ltr'>congratulemur</span> <span class='ocrx_word' id='word_1_79' title='bbox 1457 725 1583 772; x_wconf 86' lang='lat' dir='ltr'>nobis,</span> 
     </span>
     <span class='ocr_line' id='line_1_10' title="bbox 143 785 1581 837; baseline 0.002 -15"><span class='ocrx_word' id='word_1_80' title='bbox 143 786 226 823; x_wconf 89' lang='lat' dir='ltr'>haec</span> <span class='ocrx_word' id='word_1_81' title='bbox 246 785 371 837; x_wconf 81' lang='lat' dir='ltr'>Lysiae</span> <span class='ocrx_word' id='word_1_82' title='bbox 396 785 620 835; x_wconf 83' lang='lat' dir='ltr'>fragmenta,</span> <span class='ocrx_word' id='word_1_83' title='bbox 645 785 816 835; x_wconf 86' lang='lat' dir='ltr'>quamvis</span> <span class='ocrx_word' id='word_1_84' title='bbox 841 785 1047 823; x_wconf 84' lang='lat' dir='ltr'>miserrime</span> <span class='ocrx_word' id='word_1_85' title='bbox 1073 791 1337 830; x_wconf 87' lang='lat' dir='ltr'>contruncata,</span> <span class='ocrx_word' id='word_1_86' title='bbox 1369 798 1581 836; x_wconf 80' lang='lat' dir='ltr'>superesse,</span> 
     </span>
     <span class='ocr_line' id='line_1_11' title="bbox 142 844 1581 897; baseline 0 -13"><span class='ocrx_word' id='word_1_87' title='bbox 142 859 268 897; x_wconf 88' lang='lat' dir='ltr'>neque</span> <span class='ocrx_word' id='word_1_88' title='bbox 297 860 452 897; x_wconf 86' lang='lat' dir='ltr'>prorsus</span> <span class='ocrx_word' id='word_1_89' title='bbox 482 847 566 897; x_wconf 84' lang='lat' dir='ltr'>ejus</span> <span class='ocrx_word' id='word_1_90' title='bbox 595 848 720 885; x_wconf 89' lang='lat' dir='ltr'>omnia</span> <span class='ocrx_word' id='word_1_91' title='bbox 748 847 904 897; x_wconf 88' lang='lat' dir='ltr'>perisse.</span> <span class='ocrx_word' id='word_1_92' title='bbox 961 846 1146 884; x_wconf 84' lang='lat' dir='ltr'>Fruamur</span> <span class='ocrx_word' id='word_1_93' title='bbox 1175 844 1247 891; x_wconf 70' lang='lat' dir='ltr'>his,</span> <span class='ocrx_word' id='word_1_94' title='bbox 1273 860 1360 897; x_wconf 87' lang='lat' dir='ltr'>quae</span> <span class='ocrx_word' id='word_1_95' title='bbox 1382 847 1581 895; x_wconf 86' lang='lat' dir='ltr'>habemus,</span> 
     </span>
     <span class='ocr_line' id='line_1_12' title="bbox 143 907 1586 959; baseline 0.001 -14"><span class='ocrx_word' id='word_1_96' title='bbox 143 908 428 958; x_wconf 84' lang='lat' dir='ltr'>qualiacunque</span> <span class='ocrx_word' id='word_1_97' title='bbox 450 916 553 954; x_wconf 87' lang='lat' dir='ltr'>sunt,</span> <span class='ocrx_word' id='word_1_98' title='bbox 575 908 789 946; x_wconf 78' lang='lat' dir='ltr'>indolentes</span> <span class='ocrx_word' id='word_1_99' title='bbox 809 909 957 945; x_wconf 74' lang='lat' dir='ltr'>acerbae</span> <span class='ocrx_word' id='word_1_100' title='bbox 987 908 1091 953; x_wconf 89' lang='lat' dir='ltr'>sorti,</span> <span class='ocrx_word' id='word_1_101' title='bbox 1121 921 1208 956; x_wconf 87' lang='lat' dir='ltr'>quae</span> <span class='ocrx_word' id='word_1_102' title='bbox 1239 907 1392 959; x_wconf 83' lang='lat' dir='ltr'>Lysiam</span> <span class='ocrx_word' id='word_1_103' title='bbox 1418 908 1586 947; x_wconf 86' lang='lat' dir='ltr'>fataliter</span> 
     </span>
     <span class='ocr_line' id='line_1_13' title="bbox 141 969 1584 1020; baseline 0.001 -13"><span class='ocrx_word' id='word_1_104' title='bbox 141 970 347 1020; x_wconf 85' lang='lat' dir='ltr'>oppressit,</span> <span class='ocrx_word' id='word_1_105' title='bbox 369 977 408 1008; x_wconf 88' lang='lat' dir='ltr'>et</span> <span class='ocrx_word' id='word_1_106' title='bbox 429 984 515 1019; x_wconf 84' lang='lat' dir='ltr'>quae</span> <span class='ocrx_word' id='word_1_107' title='bbox 537 970 656 1008; x_wconf 90' lang='lat' dir='ltr'>voluit</span> <span class='ocrx_word' id='word_1_108' title='bbox 676 969 832 1008; x_wconf 86' lang='lat' dir='ltr'>codices</span> <span class='ocrx_word' id='word_1_109' title='bbox 854 970 937 1019; x_wconf 85' lang='lat' dir='ltr'>ejus</span> <span class='ocrx_word' id='word_1_110' title='bbox 956 982 1030 1006; x_wconf 90' lang='lat' dir='ltr'>non</span> <span class='ocrx_word' id='word_1_111' title='bbox 1052 969 1119 1006; x_wconf 78' lang='lat' dir='ltr'>nisi</span> <span class='ocrx_word' id='word_1_112' title='bbox 1138 969 1448 1008; x_wconf 81' lang='lat' dir='ltr'>mendosissimos</span> <span class='ocrx_word' id='word_1_113' title='bbox 1469 977 1584 1019; x_wconf 88' lang='lat' dir='ltr'>atque</span> 
     </span>
     <span class='ocr_line' id='line_1_14' title="bbox 144 1030 1587 1082; baseline 0.001 -14"><span class='ocrx_word' id='word_1_114' title='bbox 144 1032 352 1070; x_wconf 84' lang='lat' dir='ltr'>miserrime</span> <span class='ocrx_word' id='word_1_115' title='bbox 373 1033 576 1070; x_wconf 88' lang='lat' dir='ltr'>lacunosos</span> <span class='ocrx_word' id='word_1_116' title='bbox 596 1031 644 1069; x_wconf 90' lang='lat' dir='ltr'>ad</span> <span class='ocrx_word' id='word_1_117' title='bbox 665 1045 734 1069; x_wconf 90' lang='lat' dir='ltr'>nos</span> <span class='ocrx_word' id='word_1_118' title='bbox 756 1031 972 1082; x_wconf 85' lang='lat' dir='ltr'>pervenire;</span> <span class='ocrx_word' id='word_1_119' title='bbox 1003 1030 1073 1068; x_wconf 88' lang='lat' dir='ltr'>nisi</span> <span class='ocrx_word' id='word_1_120' title='bbox 1094 1030 1123 1067; x_wconf 85' lang='lat' dir='ltr'>si</span> <span class='ocrx_word' id='word_1_121' title='bbox 1144 1030 1244 1068; x_wconf 84' lang='lat' dir='ltr'>forte</span> <span class='ocrx_word' id='word_1_122' title='bbox 1266 1038 1332 1069; x_wconf 86' lang='lat' dir='ltr'>aut</span> <span class='ocrx_word' id='word_1_123' title='bbox 1351 1031 1388 1068; x_wconf 91' lang='lat' dir='ltr'>in</span> <span class='ocrx_word' id='word_1_124' title='bbox 1410 1032 1587 1070; x_wconf 88' lang='lat' dir='ltr'>Escuria-</span> 
     </span>
     <span class='ocr_line' id='line_1_15' title="bbox 142 1092 1588 1142; baseline 0.001 -11"><span class='ocrx_word' id='word_1_125' title='bbox 142 1093 238 1131; x_wconf 89' lang='lat' dir='ltr'>lensi</span> <span class='ocrx_word' id='word_1_126' title='bbox 258 1093 493 1132; x_wconf 72' lang='lat' dir='ltr'>bibliotheca</span> <span class='ocrx_word' id='word_1_127' title='bbox 523 1093 738 1131; x_wconf 84' lang='lat' dir='ltr'>mundiores</span> <span class='ocrx_word' id='word_1_128' title='bbox 766 1099 883 1142; x_wconf 88' lang='lat' dir='ltr'>atque</span> <span class='ocrx_word' id='word_1_129' title='bbox 912 1092 1101 1142; x_wconf 80' lang='lat' dir='ltr'>pleniores</span> <span class='ocrx_word' id='word_1_130' title='bbox 1123 1092 1250 1142; x_wconf 77' lang='lat' dir='ltr'>Lysiae</span> <span class='ocrx_word' id='word_1_131' title='bbox 1271 1093 1500 1131; x_wconf 80' lang='lat' dir='ltr'>membrana:</span> <span class='ocrx_word' id='word_1_132' title='bbox 1520 1095 1588 1132; x_wconf 88' lang='lat' dir='ltr'>ad-</span> 
     </span>
     <span class='ocr_line' id='line_1_16' title="bbox 144 1153 1590 1204; baseline 0.001 -12"><span class='ocrx_word' id='word_1_133' title='bbox 144 1156 219 1194; x_wconf 89' lang='lat' dir='ltr'>huc</span> <span class='ocrx_word' id='word_1_134' title='bbox 248 1156 380 1201; x_wconf 88' lang='lat' dir='ltr'>latent,</span> <span class='ocrx_word' id='word_1_135' title='bbox 411 1162 475 1193; x_wconf 85' lang='lat' dir='ltr'>aut</span> <span class='ocrx_word' id='word_1_136' title='bbox 505 1155 542 1192; x_wconf 89' lang='lat' dir='ltr'>in</span> <span class='ocrx_word' id='word_1_137' title='bbox 571 1169 629 1201; x_wconf 88' lang='lat' dir='ltr'>ea,</span> <span class='ocrx_word' id='word_1_138' title='bbox 661 1169 749 1204; x_wconf 86' lang='lat' dir='ltr'>quae</span> <span class='ocrx_word' id='word_1_139' title='bbox 779 1155 973 1203; x_wconf 86' lang='lat' dir='ltr'>quondam</span> <span class='ocrx_word' id='word_1_140' title='bbox 1004 1153 1343 1203; x_wconf 81' lang='lat' dir='ltr'>Heidelbergensis</span> <span class='ocrx_word' id='word_1_141' title='bbox 1373 1162 1465 1200; x_wconf 85' lang='lat' dir='ltr'>erat,</span> <span class='ocrx_word' id='word_1_142' title='bbox 1487 1169 1590 1194; x_wconf 89' lang='lat' dir='ltr'>nunc</span> 
     </span>
     <span class='ocr_line' id='line_1_17' title="bbox 144 1216 1591 1266; baseline 0.002 -12"><span class='ocrx_word' id='word_1_143' title='bbox 144 1217 333 1255; x_wconf 87' lang='lat' dir='ltr'>Vaticana</span> <span class='ocrx_word' id='word_1_144' title='bbox 351 1224 422 1264; x_wconf 87' lang='lat' dir='ltr'>est,</span> <span class='ocrx_word' id='word_1_145' title='bbox 443 1217 480 1254; x_wconf 93' lang='lat' dir='ltr'>in</span> <span class='ocrx_word' id='word_1_146' title='bbox 497 1231 573 1266; x_wconf 89' lang='lat' dir='ltr'>qua</span> <span class='ocrx_word' id='word_1_147' title='bbox 589 1217 852 1262; x_wconf 37' lang='lat' dir='ltr'>aiunt,vnescio</span> <span class='ocrx_word' id='word_1_148' title='bbox 870 1230 945 1265; x_wconf 88' lang='lat' dir='ltr'>quo</span> <span class='ocrx_word' id='word_1_149' title='bbox 961 1225 1118 1254; x_wconf 89' lang='lat' dir='ltr'>auctore</span> <span class='ocrx_word' id='word_1_150' title='bbox 1135 1216 1236 1262; x_wconf 84' lang='lat' dir='ltr'>freti,</span> <span class='ocrx_word' id='word_1_151' title='bbox 1254 1218 1397 1255; x_wconf 86' lang='lat' dir='ltr'>servari</span> <span class='ocrx_word' id='word_1_152' title='bbox 1413 1218 1591 1257; x_wconf 86' lang='lat' dir='ltr'>codicem</span> 
     </span>
     <span class='ocr_line' id='line_1_18' title="bbox 143 1277 1591 1330; baseline 0.002 -15"><span class='ocrx_word' id='word_1_153' title='bbox 143 1278 268 1329; x_wconf 84' lang='lat' dir='ltr'>Lysiae</span> <span class='ocrx_word' id='word_1_154' title='bbox 288 1279 482 1316; x_wconf 82' lang='lat' dir='ltr'>orationes</span> <span class='ocrx_word' id='word_1_155' title='bbox 503 1279 648 1327; x_wconf 86' lang='lat' dir='ltr'>aliquot</span> <span class='ocrx_word' id='word_1_156' title='bbox 669 1279 838 1316; x_wconf 88' lang='lat' dir='ltr'>nondum</span> <span class='ocrx_word' id='word_1_157' title='bbox 860 1278 981 1316; x_wconf 86' lang='lat' dir='ltr'>editas</span> <span class='ocrx_word' id='word_1_158' title='bbox 1003 1283 1195 1315; x_wconf 89' lang='lat' dir='ltr'>tenentem</span> <span class='ocrx_word' id='word_1_159' title='bbox 1213 1291 1222 1315; x_wconf 73' lang='grc' dir='ltr'>ι</span> <span class='ocrx_word' id='word_1_160' title='bbox 1252 1277 1300 1315; x_wconf 90' lang='lat' dir='ltr'>de</span> <span class='ocrx_word' id='word_1_161' title='bbox 1323 1292 1400 1327; x_wconf 92' lang='lat' dir='ltr'>quo</span> <span class='ocrx_word' id='word_1_162' title='bbox 1420 1293 1591 1330; x_wconf 86' lang='lat' dir='ltr'>quaerere</span> 
     </span>
     <span class='ocr_line' id='line_1_19' title="bbox 143 1339 1592 1390; baseline 0.002 -14"><span class='ocrx_word' id='word_1_163' title='bbox 143 1352 220 1377; x_wconf 90' lang='lat' dir='ltr'>non</span> <span class='ocrx_word' id='word_1_164' title='bbox 237 1340 383 1377; x_wconf 85' lang='lat' dir='ltr'>vacavit</span> <span class='ocrx_word' id='word_1_165' title='bbox 399 1354 409 1384; x_wconf 86' lang='lat'>;</span> <span class='ocrx_word' id='word_1_166' title='bbox 432 1340 491 1377; x_wconf 91' lang='lat' dir='ltr'>vel</span> <span class='ocrx_word' id='word_1_167' title='bbox 508 1341 637 1390; x_wconf 89' lang='lat' dir='ltr'>potius</span> <span class='ocrx_word' id='word_1_168' title='bbox 651 1340 775 1378; x_wconf 86' lang='lat' dir='ltr'>defuit</span> <span class='ocrx_word' id='word_1_169' title='bbox 789 1340 986 1389; x_wconf 87' lang='lat' dir='ltr'>quaerendi</span> <span class='ocrx_word' id='word_1_170' title='bbox 1001 1339 1285 1390; x_wconf 79' lang='lat' dir='ltr'>opportunitas.</span> <span class='ocrx_word' id='word_1_171' title='bbox 1317 1341 1398 1378; x_wconf 73' lang='lat' dir='ltr'>Exit</span> <span class='ocrx_word' id='word_1_172' title='bbox 1416 1341 1506 1379; x_wconf 87' lang='lat' dir='ltr'>olim</span> <span class='ocrx_word' id='word_1_173' title='bbox 1523 1342 1592 1379; x_wconf 89' lang='lat' dir='ltr'>ali-</span> 
     </span>
     <span class='ocr_line' id='line_1_20' title="bbox 143 1400 1591 1452; baseline 0.003 -16"><span class='ocrx_word' id='word_1_174' title='bbox 143 1400 299 1449; x_wconf 86' lang='lat' dir='ltr'>quando</span> <span class='ocrx_word' id='word_1_175' title='bbox 320 1408 484 1451; x_wconf 88' lang='lat' dir='ltr'>tempus,</span> <span class='ocrx_word' id='word_1_176' title='bbox 511 1415 581 1452; x_wconf 85' lang='lat' dir='ltr'>age</span> <span class='ocrx_word' id='word_1_177' title='bbox 601 1402 698 1439; x_wconf 88' lang='lat' dir='ltr'>enim</span> <span class='ocrx_word' id='word_1_178' title='bbox 731 1402 896 1439; x_wconf 90' lang='lat' dir='ltr'>solemur</span> <span class='ocrx_word' id='word_1_179' title='bbox 925 1401 1023 1438; x_wconf 88' lang='lat' dir='ltr'>bene</span> <span class='ocrx_word' id='word_1_180' title='bbox 1050 1401 1240 1451; x_wconf 78' lang='lat' dir='ltr'>sperando</span> <span class='ocrx_word' id='word_1_181' title='bbox 1270 1402 1398 1440; x_wconf 80' lang='lat' dir='ltr'>clades</span> <span class='ocrx_word' id='word_1_182' title='bbox 1428 1410 1591 1450; x_wconf 81' lang='lat' dir='ltr'>nostras,</span> 
     </span>
     <span class='ocr_line' id='line_1_21' title="bbox 143 1461 1591 1514; baseline 0.003 -16"><span class='ocrx_word' id='word_1_183' title='bbox 143 1461 246 1509; x_wconf 89' lang='lat' dir='ltr'>quod</span> <span class='ocrx_word' id='word_1_184' title='bbox 268 1468 420 1513; x_wconf 89' lang='lat' dir='ltr'>tempus</span> <span class='ocrx_word' id='word_1_185' title='bbox 440 1464 749 1501; x_wconf 84' lang='lat' dir='ltr'>Graecasliteras</span> <span class='ocrx_word' id='word_1_186' title='bbox 779 1477 799 1501; x_wconf 90' lang='lat' dir='ltr'>a</span> <span class='ocrx_word' id='word_1_187' title='bbox 829 1470 1028 1501; x_wconf 87' lang='lat' dir='ltr'>contemtu</span> <span class='ocrx_word' id='word_1_188' title='bbox 1047 1463 1229 1510; x_wconf 81' lang='lat' dir='ltr'>vindicet,</span> <span class='ocrx_word' id='word_1_189' title='bbox 1261 1477 1338 1512; x_wconf 88' lang='lat' dir='ltr'>quo</span> <span class='ocrx_word' id='word_1_190' title='bbox 1367 1477 1467 1502; x_wconf 88' lang='lat' dir='ltr'>nunc</span> <span class='ocrx_word' id='word_1_191' title='bbox 1487 1466 1591 1514; x_wconf 84' lang='lat' dir='ltr'>apud</span> 
     </span>
     <span class='ocr_line' id='line_1_22' title="bbox 143 1524 1589 1576; baseline 0.003 -15"><span class='ocrx_word' id='word_1_192' title='bbox 143 1524 260 1562; x_wconf 88' lang='lat' dir='ltr'>Italos</span> <span class='ocrx_word' id='word_1_193' title='bbox 280 1525 640 1575; x_wconf 79' lang='lat' dir='ltr'>oppressaejacent.</span> <span class='ocrx_word' id='word_1_194' title='bbox 687 1527 826 1572; x_wconf 85' lang='lat' dir='ltr'>Erunt,</span> <span class='ocrx_word' id='word_1_195' title='bbox 845 1526 911 1574; x_wconf 89' lang='lat' dir='ltr'>qui</span> <span class='ocrx_word' id='word_1_196' title='bbox 931 1539 1043 1576; x_wconf 83' lang='lat' dir='ltr'>gazas</span> <span class='ocrx_word' id='word_1_197' title='bbox 1065 1533 1228 1564; x_wconf 65' lang='lat' dir='ltr'>vetustte</span> <span class='ocrx_word' id='word_1_198' title='bbox 1245 1526 1454 1565; x_wconf 80' lang='lat' dir='ltr'>literaturae</span> <span class='ocrx_word' id='word_1_199' title='bbox 1475 1534 1532 1565; x_wconf 89' lang='lat' dir='ltr'>tot</span> <span class='ocrx_word' id='word_1_200' title='bbox 1552 1528 1589 1565; x_wconf 91' lang='lat' dir='ltr'>in</span> 
     </span>
     <span class='ocr_line' id='line_1_23' title="bbox 143 1586 1592 1639; baseline 0.002 -16"><span class='ocrx_word' id='word_1_201' title='bbox 143 1586 388 1624; x_wconf 87' lang='lat' dir='ltr'>bibliothecis</span> <span class='ocrx_word' id='word_1_202' title='bbox 420 1587 555 1633; x_wconf 80' lang='lat' dir='ltr'>Italiae,</span> <span class='ocrx_word' id='word_1_203' title='bbox 592 1594 785 1636; x_wconf 85' lang='lat' dir='ltr'>tamquam</span> <span class='ocrx_word' id='word_1_204' title='bbox 820 1587 857 1625; x_wconf 91' lang='lat' dir='ltr'>in</span> <span class='ocrx_word' id='word_1_205' title='bbox 885 1588 1143 1625; x_wconf 85' lang='lat' dir='ltr'>monumentis</span> <span class='ocrx_word' id='word_1_206' title='bbox 1180 1594 1418 1626; x_wconf 89' lang='lat' dir='ltr'>vetustorum</span> <span class='ocrx_word' id='word_1_207' title='bbox 1445 1601 1592 1639; x_wconf 81' lang='lat' dir='ltr'>regum,</span> 
     </span>
     <span class='ocr_line' id='line_1_24' title="bbox 143 1648 1592 1699; baseline 0.002 -14"><span class='ocrx_word' id='word_1_208' title='bbox 143 1648 312 1697; x_wconf 83' lang='lat' dir='ltr'>sepultas</span> <span class='ocrx_word' id='word_1_209' title='bbox 331 1655 480 1693; x_wconf 85' lang='lat' dir='ltr'>eruant,</span> <span class='ocrx_word' id='word_1_210' title='bbox 502 1649 604 1686; x_wconf 86' lang='lat' dir='ltr'>illinc</span> <span class='ocrx_word' id='word_1_211' title='bbox 626 1657 741 1699; x_wconf 83' lang='lat' dir='ltr'>atque</span> <span class='ocrx_word' id='word_1_212' title='bbox 762 1650 798 1686; x_wconf 91' lang='lat' dir='ltr'>in</span> <span class='ocrx_word' id='word_1_213' title='bbox 821 1650 944 1686; x_wconf 90' lang='lat' dir='ltr'>lucem</span> <span class='ocrx_word' id='word_1_214' title='bbox 966 1649 1176 1698; x_wconf 86' lang='lat' dir='ltr'>proferant.</span> <span class='ocrx_word' id='word_1_215' title='bbox 1234 1651 1343 1687; x_wconf 89' lang='lat' dir='ltr'>Bona</span> <span class='ocrx_word' id='word_1_216' title='bbox 1369 1650 1408 1688; x_wconf 90' lang='lat' dir='ltr'>id</span> <span class='ocrx_word' id='word_1_217' title='bbox 1435 1651 1592 1699; x_wconf 88' lang='lat' dir='ltr'>quidem</span> 
     </span>
     <span class='ocr_line' id='line_1_25' title="bbox 147 1709 1594 1762; baseline 0.002 -15"><span class='ocrx_word' id='word_1_218' title='bbox 147 1709 238 1754; x_wconf 86' lang='lat' dir='ltr'>fide,</span> <span class='ocrx_word' id='word_1_219' title='bbox 261 1717 299 1747; x_wconf 91' lang='lat' dir='ltr'>et</span> <span class='ocrx_word' id='word_1_220' title='bbox 315 1710 450 1760; x_wconf 86' lang='lat' dir='ltr'>procul</span> <span class='ocrx_word' id='word_1_221' title='bbox 465 1709 667 1758; x_wconf 86' lang='lat' dir='ltr'>jactantia,</span> <span class='ocrx_word' id='word_1_222' title='bbox 686 1724 706 1748; x_wconf 92' lang='lat' dir='ltr'>a</span> <span class='ocrx_word' id='word_1_223' title='bbox 725 1722 801 1759; x_wconf 86' lang='lat' dir='ltr'>qua</span> <span class='ocrx_word' id='word_1_224' title='bbox 817 1723 898 1747; x_wconf 89' lang='lat' dir='ltr'>sum</span> <span class='ocrx_word' id='word_1_225' title='bbox 915 1711 1073 1756; x_wconf 88' lang='lat' dir='ltr'>alienus,</span> <span class='ocrx_word' id='word_1_226' title='bbox 1087 1709 1272 1748; x_wconf 85' lang='lat' dir='ltr'>affirmare</span> <span class='ocrx_word' id='word_1_227' title='bbox 1289 1723 1459 1760; x_wconf 84' lang='lat' dir='ltr'>possum,</span> <span class='ocrx_word' id='word_1_228' title='bbox 1476 1726 1594 1762; x_wconf 87' lang='lat' dir='ltr'>opera</span> 
     </span>
     <span class='ocr_line' id='line_1_26' title="bbox 145 1771 1594 1822; baseline 0.002 -14"><span class='ocrx_word' id='word_1_229' title='bbox 145 1783 228 1808; x_wconf 88' lang='lat' dir='ltr'>mea</span> <span class='ocrx_word' id='word_1_230' title='bbox 249 1771 393 1808; x_wconf 86' lang='lat' dir='ltr'>factum</span> <span class='ocrx_word' id='word_1_231' title='bbox 414 1785 511 1816; x_wconf 87' lang='lat' dir='ltr'>esse,</span> <span class='ocrx_word' id='word_1_232' title='bbox 540 1779 581 1809; x_wconf 91' lang='lat' dir='ltr'>ut</span> <span class='ocrx_word' id='word_1_233' title='bbox 601 1772 735 1822; x_wconf 74' lang='lat' dir='ltr'>Lysias</span> <span class='ocrx_word' id='word_1_234' title='bbox 765 1783 867 1810; x_wconf 85' lang='lat' dir='ltr'>nunc</span> <span class='ocrx_word' id='word_1_235' title='bbox 896 1778 1047 1821; x_wconf 88' lang='lat' dir='ltr'>prostet</span> <span class='ocrx_word' id='word_1_236' title='bbox 1076 1771 1179 1809; x_wconf 91' lang='lat' dir='ltr'>haud</span> <span class='ocrx_word' id='word_1_237' title='bbox 1209 1773 1339 1821; x_wconf 88' lang='lat' dir='ltr'>paulo,</span> <span class='ocrx_word' id='word_1_238' title='bbox 1364 1786 1477 1822; x_wconf 87' lang='lat' dir='ltr'>quam</span> <span class='ocrx_word' id='word_1_239' title='bbox 1506 1780 1594 1811; x_wconf 90' lang='lat' dir='ltr'>ante</span> 
     </span>
     <span class='ocr_line' id='line_1_27' title="bbox 145 1832 1594 1883; baseline 0.003 -14"><span class='ocrx_word' id='word_1_240' title='bbox 145 1832 229 1877; x_wconf 84' lang='lat' dir='ltr'>fuit,</span> <span class='ocrx_word' id='word_1_241' title='bbox 251 1832 503 1875; x_wconf 86' lang='lat' dir='ltr'>emendatior,</span> <span class='ocrx_word' id='word_1_242' title='bbox 518 1839 633 1880; x_wconf 90' lang='lat' dir='ltr'>atque</span> <span class='ocrx_word' id='word_1_243' title='bbox 654 1832 873 1870; x_wconf 89' lang='lat' dir='ltr'>dilucidior.</span> <span class='ocrx_word' id='word_1_244' title='bbox 902 1832 951 1869; x_wconf 85' lang='lat' dir='ltr'>Et</span> <span class='ocrx_word' id='word_1_245' title='bbox 971 1832 1043 1869; x_wconf 89' lang='lat' dir='ltr'>erit</span> <span class='ocrx_word' id='word_1_246' title='bbox 1058 1832 1185 1869; x_wconf 89' lang='lat' dir='ltr'>adhuc</span> <span class='ocrx_word' id='word_1_247' title='bbox 1204 1833 1335 1883; x_wconf 87' lang='lat' dir='ltr'>magis,</span> <span class='ocrx_word' id='word_1_248' title='bbox 1355 1847 1441 1871; x_wconf 89' lang='lat' dir='ltr'>cum</span> <span class='ocrx_word' id='word_1_249' title='bbox 1459 1835 1594 1873; x_wconf 87' lang='lat' dir='ltr'>Latina</span> 
     </span>
     <span class='ocr_line' id='line_1_28' title="bbox 144 1892 1596 1946; baseline 0.002 -16"><span class='ocrx_word' id='word_1_250' title='bbox 144 1907 226 1931; x_wconf 89' lang='lat' dir='ltr'>mea</span> <span class='ocrx_word' id='word_1_251' title='bbox 243 1892 487 1944; x_wconf 79' lang='lat' dir='ltr'>Lysiacarum</span> <span class='ocrx_word' id='word_1_252' title='bbox 505 1893 751 1941; x_wconf 75' lang='lat' dir='ltr'>reliquiarum</span> <span class='ocrx_word' id='word_1_253' title='bbox 765 1893 1032 1943; x_wconf 84' lang='lat' dir='ltr'>interpretatio</span> <span class='ocrx_word' id='word_1_254' title='bbox 1050 1893 1250 1942; x_wconf 85' lang='lat' dir='ltr'>prodierit,</span> <span class='ocrx_word' id='word_1_255' title='bbox 1268 1907 1354 1941; x_wconf 85' lang='lat' dir='ltr'>quae</span> <span class='ocrx_word' id='word_1_256' title='bbox 1372 1894 1490 1932; x_wconf 91' lang='lat' dir='ltr'>vicem</span> <span class='ocrx_word' id='word_1_257' title='bbox 1507 1909 1596 1946; x_wconf 88' lang='lat' dir='ltr'>per—</span> 
     </span>
     <span class='ocr_line' id='line_1_29' title="bbox 143 1954 1594 2004; baseline 0.001 -12"><span class='ocrx_word' id='word_1_258' title='bbox 143 1955 250 2004; x_wconf 91' lang='lat' dir='ltr'>petui</span> <span class='ocrx_word' id='word_1_259' title='bbox 270 1955 307 1992; x_wconf 89' lang='lat' dir='ltr'>in</span> <span class='ocrx_word' id='word_1_260' title='bbox 331 1955 484 2004; x_wconf 80' lang='lat' dir='ltr'>Lysiam</span> <span class='ocrx_word' id='word_1_261' title='bbox 507 1955 771 1992; x_wconf 85' lang='lat' dir='ltr'>commentarii</span> <span class='ocrx_word' id='word_1_262' title='bbox 791 1954 897 2004; x_wconf 85' lang='lat' dir='ltr'>fungi</span> <span class='ocrx_word' id='word_1_263' title='bbox 919 1954 1073 2004; x_wconf 85' lang='lat' dir='ltr'>poterit.</span> <span class='ocrx_word' id='word_1_264' title='bbox 1106 1954 1285 1993; x_wconf 87' lang='lat' dir='ltr'>Pristinas</span> <span class='ocrx_word' id='word_1_265' title='bbox 1307 1969 1409 1994; x_wconf 90' lang='lat' dir='ltr'>meas</span> <span class='ocrx_word' id='word_1_266' title='bbox 1428 1956 1594 1995; x_wconf 87' lang='lat' dir='ltr'>adhunc</span> 
     </span>
     <span class='ocr_line' id='line_1_30' title="bbox 142 2015 1596 2069; baseline 0.002 -16"><span class='ocrx_word' id='word_1_267' title='bbox 142 2023 330 2054; x_wconf 87' lang='lat' dir='ltr'>oratorem</span> <span class='ocrx_word' id='word_1_268' title='bbox 350 2016 716 2063; x_wconf 86' lang='lat' dir='ltr'>animadversiones,</span> <span class='ocrx_word' id='word_1_269' title='bbox 731 2015 814 2065; x_wconf 89' lang='lat' dir='ltr'>jam</span> <span class='ocrx_word' id='word_1_270' title='bbox 834 2029 936 2053; x_wconf 89' lang='lat' dir='ltr'>anno</span> <span class='ocrx_word' id='word_1_271' title='bbox 953 2018 1070 2056; x_wconf 81' lang='lat'>1757.</span> <span class='ocrx_word' id='word_1_272' title='bbox 1088 2015 1225 2062; x_wconf 89' lang='lat' dir='ltr'>editas,</span> <span class='ocrx_word' id='word_1_273' title='bbox 1247 2030 1358 2067; x_wconf 84' lang='lat' dir='ltr'>paene</span> <span class='ocrx_word' id='word_1_274' title='bbox 1378 2030 1424 2055; x_wconf 91' lang='lat' dir='ltr'>ne</span> <span class='ocrx_word' id='word_1_275' title='bbox 1445 2018 1596 2069; x_wconf 83' lang='lat' dir='ltr'>inspexi</span> 
     </span>
     <span class='ocr_line' id='line_1_31' title="bbox 144 2079 1596 2130; baseline 0.001 -13"><span class='ocrx_word' id='word_1_276' title='bbox 144 2080 298 2128; x_wconf 89' lang='lat' dir='ltr'>quidem</span> <span class='ocrx_word' id='word_1_277' title='bbox 321 2093 444 2130; x_wconf 87' lang='lat' dir='ltr'>nuper</span> <span class='ocrx_word' id='word_1_278' title='bbox 467 2080 534 2117; x_wconf 91' lang='lat' dir='ltr'>has</span> <span class='ocrx_word' id='word_1_279' title='bbox 563 2092 680 2117; x_wconf 89' lang='lat' dir='ltr'>novas</span> <span class='ocrx_word' id='word_1_280' title='bbox 701 2079 964 2118; x_wconf 81' lang='lat' dir='ltr'>conscribens,</span> <span class='ocrx_word' id='word_1_281' title='bbox 1023 2079 1112 2123; x_wconf 83' lang='lat' dir='ltr'>Quo</span> <span class='ocrx_word' id='word_1_282' title='bbox 1133 2079 1276 2117; x_wconf 82' lang='lat' dir='ltr'>factum</span> <span class='ocrx_word' id='word_1_283' title='bbox 1298 2094 1382 2118; x_wconf 82' lang='lat' dir='ltr'>esse</span> <span class='ocrx_word' id='word_1_284' title='bbox 1402 2080 1596 2119; x_wconf 89' lang='lat' dir='ltr'>interdum</span> 
     </span>
     <span class='ocr_line' id='line_1_32' title="bbox 144 2141 1596 2193; baseline 0.001 -14"><span class='ocrx_word' id='word_1_285' title='bbox 144 2142 330 2193; x_wconf 88' lang='lat' dir='ltr'>suspicor,</span> <span class='ocrx_word' id='word_1_286' title='bbox 360 2148 401 2179; x_wconf 93' lang='lat' dir='ltr'>ut</span> <span class='ocrx_word' id='word_1_287' title='bbox 430 2155 475 2180; x_wconf 88' lang='lat' dir='ltr'>ea</span> <span class='ocrx_word' id='word_1_288' title='bbox 502 2141 827 2192; x_wconf 65' lang='lat' dir='ltr'>praetermiserim,</span> <span class='ocrx_word' id='word_1_289' title='bbox 844 2155 928 2190; x_wconf 80' lang='lat' dir='ltr'>quae</span> <span class='ocrx_word' id='word_1_290' title='bbox 956 2141 1087 2179; x_wconf 90' lang='lat' dir='ltr'>malint</span> <span class='ocrx_word' id='word_1_291' title='bbox 1109 2141 1281 2179; x_wconf 90' lang='lat' dir='ltr'>nonnulli</span> <span class='ocrx_word' id='word_1_292' title='bbox 1305 2142 1500 2192; x_wconf 79' lang='lat' dir='ltr'>praeterita</span> <span class='ocrx_word' id='word_1_293' title='bbox 1519 2156 1596 2181; x_wconf 90' lang='lat' dir='ltr'>non</span> 
     </span>
     <span class='ocr_line' id='line_1_33' title="bbox 144 2202 1597 2255; baseline 0.001 -14"><span class='ocrx_word' id='word_1_294' title='bbox 144 2204 275 2241; x_wconf 87' lang='lat' dir='ltr'>fuisse.</span> <span class='ocrx_word' id='word_1_295' title='bbox 296 2209 300 2213; x_wconf 83' lang='lat'>&#39;</span> <span class='ocrx_word' id='word_1_296' title='bbox 331 2203 409 2241; x_wconf 91' lang='lat' dir='ltr'>Sed</span> <span class='ocrx_word' id='word_1_297' title='bbox 439 2203 614 2242; x_wconf 87' lang='lat' dir='ltr'>conferat</span> <span class='ocrx_word' id='word_1_298' title='bbox 641 2202 801 2252; x_wconf 86' lang='lat' dir='ltr'>antiqua</span> <span class='ocrx_word' id='word_1_299' title='bbox 830 2217 917 2241; x_wconf 91' lang='lat' dir='ltr'>cum</span> <span class='ocrx_word' id='word_1_300' title='bbox 939 2203 1058 2250; x_wconf 90' lang='lat' dir='ltr'>novis,</span> <span class='ocrx_word' id='word_1_301' title='bbox 1078 2203 1140 2240; x_wconf 91' lang='lat' dir='ltr'>cui</span> <span class='ocrx_word' id='word_1_302' title='bbox 1161 2204 1275 2254; x_wconf 85' lang='lat' dir='ltr'>copia</span> <span class='ocrx_word' id='word_1_303' title='bbox 1294 2210 1332 2242; x_wconf 92' lang='lat' dir='ltr'>et</span> <span class='ocrx_word' id='word_1_304' title='bbox 1353 2204 1492 2255; x_wconf 89' lang='lat' dir='ltr'>volupe</span> <span class='ocrx_word' id='word_1_305' title='bbox 1511 2205 1597 2253; x_wconf 87' lang='lat' dir='ltr'>erit,</span> 
     </span>
     <span class='ocr_line' id='line_1_34' title="bbox 145 2264 1596 2315; baseline 0.002 -14"><span class='ocrx_word' id='word_1_306' title='bbox 145 2272 184 2302; x_wconf 89' lang='lat' dir='ltr'>et</span> <span class='ocrx_word' id='word_1_307' title='bbox 203 2264 308 2302; x_wconf 90' lang='lat' dir='ltr'>illinc</span> <span class='ocrx_word' id='word_1_308' title='bbox 327 2270 493 2314; x_wconf 89' lang='lat' dir='ltr'>repetat,</span> <span class='ocrx_word' id='word_1_309' title='bbox 513 2265 543 2302; x_wconf 90' lang='lat' dir='ltr'>si</span> <span class='ocrx_word' id='word_1_310' title='bbox 567 2278 655 2314; x_wconf 86' lang='lat' dir='ltr'>quae</span> <span class='ocrx_word' id='word_1_311' title='bbox 675 2265 777 2303; x_wconf 88' lang='lat' dir='ltr'>haud</span> <span class='ocrx_word' id='word_1_312' title='bbox 800 2264 1024 2315; x_wconf 87' lang='lat' dir='ltr'>poenitenda</span> <span class='ocrx_word' id='word_1_313' title='bbox 1055 2265 1254 2315; x_wconf 85' lang='lat' dir='ltr'>repererit.</span> <span class='ocrx_word' id='word_1_314' title='bbox 1312 2266 1410 2303; x_wconf 88' lang='lat' dir='ltr'>Mihi</span> <span class='ocrx_word' id='word_1_315' title='bbox 1439 2266 1512 2304; x_wconf 90' lang='lat' dir='ltr'>hac</span> <span class='ocrx_word' id='word_1_316' title='bbox 1542 2268 1596 2305; x_wconf 92' lang='lat' dir='ltr'>uti</span> 
     </span>
     <span class='ocr_line' id='line_1_35' title="bbox 144 2325 1597 2377; baseline 0.001 -13"><span class='ocrx_word' id='word_1_317' title='bbox 144 2325 344 2376; x_wconf 82' lang='lat' dir='ltr'>diligentia</span> <span class='ocrx_word' id='word_1_318' title='bbox 363 2338 488 2376; x_wconf 89' lang='lat' dir='ltr'>neque</span> <span class='ocrx_word' id='word_1_319' title='bbox 518 2325 644 2372; x_wconf 91' lang='lat' dir='ltr'>libuit,</span> <span class='ocrx_word' id='word_1_320' title='bbox 663 2339 789 2375; x_wconf 90' lang='lat' dir='ltr'>neque</span> <span class='ocrx_word' id='word_1_321' title='bbox 811 2326 974 2364; x_wconf 89' lang='lat' dir='ltr'>vacavit.</span> <span class='ocrx_word' id='word_1_322' title='bbox 1030 2326 1219 2364; x_wconf 86' lang='lat' dir='ltr'>Currente</span> <span class='ocrx_word' id='word_1_323' title='bbox 1245 2327 1354 2377; x_wconf 82' lang='lat' dir='ltr'>prelo</span> <span class='ocrx_word' id='word_1_324' title='bbox 1374 2328 1478 2366; x_wconf 90' lang='lat' dir='ltr'>haud</span> <span class='ocrx_word' id='word_1_325' title='bbox 1510 2341 1597 2366; x_wconf 87' lang='lat' dir='ltr'>raro</span> 
     </span>
     <span class='ocr_line' id='line_1_36' title="bbox 144 2387 1598 2442; baseline 0.001 -16"><span class='ocrx_word' id='word_1_326' title='bbox 144 2387 344 2426; x_wconf 87' lang='lat' dir='ltr'>observavi</span> <span class='ocrx_word' id='word_1_327' title='bbox 373 2394 671 2441; x_wconf 22' lang='lat' dir='ltr'>antnperperam</span> <span class='ocrx_word' id='word_1_328' title='bbox 701 2401 723 2426; x_wconf 89' lang='lat' dir='ltr'>a</span> <span class='ocrx_word' id='word_1_329' title='bbox 751 2401 810 2426; x_wconf 90' lang='lat' dir='ltr'>me</span> <span class='ocrx_word' id='word_1_330' title='bbox 837 2388 993 2437; x_wconf 88' lang='lat' dir='ltr'>scripta,</span> <span class='ocrx_word' id='word_1_331' title='bbox 1016 2401 1100 2436; x_wconf 88' lang='lat' dir='ltr'>quae</span> <span class='ocrx_word' id='word_1_332' title='bbox 1122 2389 1203 2442; x_wconf 82' lang='lat' dir='ltr'>tolli</span> <span class='ocrx_word' id='word_1_333' title='bbox 1223 2388 1276 2426; x_wconf 92' lang='lat' dir='ltr'>ob</span> <span class='ocrx_word' id='word_1_334' title='bbox 1297 2390 1463 2427; x_wconf 89' lang='lat' dir='ltr'>rationes</span> <span class='ocrx_word' id='word_1_335' title='bbox 1483 2395 1598 2441; x_wconf 82' lang='lat' dir='ltr'>typo-</span> 
     </span>
     <span class='ocr_line' id='line_1_37' title="bbox 144 2448 1597 2502; baseline 0.001 -14"><span class='ocrx_word' id='word_1_336' title='bbox 144 2450 348 2501; x_wconf 86' lang='lat' dir='ltr'>graphicas</span> <span class='ocrx_word' id='word_1_337' title='bbox 368 2462 442 2486; x_wconf 90' lang='lat' dir='ltr'>non</span> <span class='ocrx_word' id='word_1_338' title='bbox 463 2456 633 2500; x_wconf 87' lang='lat' dir='ltr'>possent,</span> <span class='ocrx_word' id='word_1_339' title='bbox 655 2456 721 2487; x_wconf 91' lang='lat' dir='ltr'>aut</span> <span class='ocrx_word' id='word_1_340' title='bbox 740 2448 937 2500; x_wconf 79' lang='lat' dir='ltr'>praeterita</span> <span class='ocrx_word' id='word_1_341' title='bbox 959 2449 1045 2495; x_wconf 83' lang='lat' dir='ltr'>alia,</span> <span class='ocrx_word' id='word_1_342' title='bbox 1069 2463 1156 2499; x_wconf 84' lang='lat' dir='ltr'>quae</span> <span class='ocrx_word' id='word_1_343' title='bbox 1177 2449 1268 2488; x_wconf 88' lang='lat' dir='ltr'>addi</span> <span class='ocrx_word' id='word_1_344' title='bbox 1288 2451 1485 2489; x_wconf 78' lang='lat' dir='ltr'>festinatio</span> <span class='ocrx_word' id='word_1_345' title='bbox 1505 2465 1597 2502; x_wconf 92' lang='lat' dir='ltr'>ope-</span> 
     </span>
     <span class='ocr_line' id='line_1_38' title="bbox 144 2510 1596 2561; baseline 0 -11"><span class='ocrx_word' id='word_1_346' title='bbox 144 2525 284 2559; x_wconf 87' lang='lat' dir='ltr'>rarum,</span> <span class='ocrx_word' id='word_1_347' title='bbox 303 2516 369 2549; x_wconf 87' lang='lat' dir='ltr'>aut</span> <span class='ocrx_word' id='word_1_348' title='bbox 390 2510 598 2561; x_wconf 86' lang='lat' dir='ltr'>spatiorum</span> <span class='ocrx_word' id='word_1_349' title='bbox 618 2510 804 2560; x_wconf 79' lang='lat' dir='ltr'>angustiae</span> <span class='ocrx_word' id='word_1_350' title='bbox 825 2510 928 2548; x_wconf 87' lang='lat' dir='ltr'>haud</span> <span class='ocrx_word' id='word_1_351' title='bbox 945 2517 1181 2561; x_wconf 89' lang='lat' dir='ltr'>paterentur.</span> <span class='ocrx_word' id='word_1_352' title='bbox 1238 2511 1311 2549; x_wconf 89' lang='lat' dir='ltr'>Illa</span> <span class='ocrx_word' id='word_1_353' title='bbox 1327 2512 1455 2560; x_wconf 88' lang='lat' dir='ltr'>itaque</span> <span class='ocrx_word' id='word_1_354' title='bbox 1476 2520 1596 2550; x_wconf 88' lang='lat' dir='ltr'>retra-</span> 
     </span>
     <span class='ocr_line' id='line_1_39' title="bbox 145 2571 1595 2623; baseline -0.001 -12"><span class='ocrx_word' id='word_1_355' title='bbox 145 2579 306 2621; x_wconf 84' lang='lat' dir='ltr'>etatum,</span> <span class='ocrx_word' id='word_1_356' title='bbox 318 2572 403 2610; x_wconf 84' lang='lat' dir='ltr'>haec</span> <span class='ocrx_word' id='word_1_357' title='bbox 420 2572 638 2623; x_wconf 89' lang='lat' dir='ltr'>suppletum</span> <span class='ocrx_word' id='word_1_358' title='bbox 655 2572 721 2609; x_wconf 89' lang='lat' dir='ltr'>ibo</span> <span class='ocrx_word' id='word_1_359' title='bbox 740 2571 777 2609; x_wconf 91' lang='lat' dir='ltr'>in</span> <span class='ocrx_word' id='word_1_360' title='bbox 798 2571 876 2617; x_wconf 90' lang='lat' dir='ltr'>illo,</span> <span class='ocrx_word' id='word_1_361' title='bbox 894 2585 1009 2621; x_wconf 91' lang='lat' dir='ltr'>quem</span> <span class='ocrx_word' id='word_1_362' title='bbox 1027 2572 1138 2610; x_wconf 85' lang='lat' dir='ltr'>toties</span> <span class='ocrx_word' id='word_1_363' title='bbox 1160 2572 1264 2619; x_wconf 85' lang='lat' dir='ltr'>dico,</span> <span class='ocrx_word' id='word_1_364' title='bbox 1283 2572 1417 2611; x_wconf 88' lang='lat' dir='ltr'>libello</span> <span class='ocrx_word' id='word_1_365' title='bbox 1433 2574 1595 2611; x_wconf 85' lang='lat' dir='ltr'>Varian-</span> 
     </span>
     <span class='ocr_line' id='line_1_40' title="bbox 145 2633 1594 2684; baseline -0.001 -12"><span class='ocrx_word' id='word_1_366' title='bbox 145 2636 238 2673; x_wconf 92' lang='lat' dir='ltr'>tium</span> <span class='ocrx_word' id='word_1_367' title='bbox 258 2633 500 2680; x_wconf 83' lang='lat' dir='ltr'>Lectionum.</span> <span class='ocrx_word' id='word_1_368' title='bbox 544 2633 771 2671; x_wconf 88' lang='lat' dir='ltr'>Orationem</span> <span class='ocrx_word' id='word_1_369' title='bbox 788 2634 912 2684; x_wconf 67' lang='lat' dir='ltr'>Lysiae</span> <span class='ocrx_word' id='word_1_370' title='bbox 936 2634 1165 2680; x_wconf 85' lang='lat' dir='ltr'>Funebrem,</span> <span class='ocrx_word' id='word_1_371' title='bbox 1187 2647 1274 2683; x_wconf 78' lang='lat' dir='ltr'>quae</span> <span class='ocrx_word' id='word_1_372' title='bbox 1295 2633 1332 2671; x_wconf 91' lang='lat' dir='ltr'>in</span> <span class='ocrx_word' id='word_1_373' title='bbox 1353 2634 1520 2673; x_wconf 90' lang='lat' dir='ltr'>editione</span> <span class='ocrx_word' id='word_1_374' title='bbox 1542 2635 1594 2671; x_wconf 89' lang='lat' dir='ltr'>H.</span> 
     </span>
     <span class='ocr_line' id='line_1_41' title="bbox 146 2693 1597 2746; baseline 0 -14"><span class='ocrx_word' id='word_1_375' title='bbox 146 2693 333 2746; x_wconf 86' lang='lat' dir='ltr'>Stephani</span> <span class='ocrx_word' id='word_1_376' title='bbox 349 2695 598 2746; x_wconf 82' lang='lat' dir='ltr'>Lysiacarum</span> <span class='ocrx_word' id='word_1_377' title='bbox 616 2708 750 2745; x_wconf 84' lang='lat' dir='ltr'>agmen</span> <span class='ocrx_word' id='word_1_378' title='bbox 768 2694 927 2742; x_wconf 86' lang='lat' dir='ltr'>claudit,</span> <span class='ocrx_word' id='word_1_379' title='bbox 944 2695 981 2733; x_wconf 89' lang='lat' dir='ltr'>in</span> <span class='ocrx_word' id='word_1_380' title='bbox 998 2695 1138 2736; x_wconf 89' lang='lat' dir='ltr'>Aldina</span> <span class='ocrx_word' id='word_1_381' title='bbox 1152 2701 1294 2740; x_wconf 89' lang='lat' dir='ltr'>autem,</span> <span class='ocrx_word' id='word_1_382' title='bbox 1309 2701 1346 2733; x_wconf 91' lang='lat' dir='ltr'>et</span> <span class='ocrx_word' id='word_1_383' title='bbox 1363 2695 1597 2746; x_wconf 77' lang='lat' dir='ltr'>Taylorana,</span> 
     </span>
     <span class='ocr_line' id='line_1_42' title="bbox 146 2748 1595 2807; baseline -0.001 -13"><span class='ocrx_word' id='word_1_384' title='bbox 146 2763 352 2805; x_wconf 85' lang='lat' dir='ltr'>nostraque</span> <span class='ocrx_word' id='word_1_385' title='bbox 374 2748 503 2794; x_wconf 86' lang='lat' dir='ltr'>statim</span> <span class='ocrx_word' id='word_1_386' title='bbox 523 2770 543 2794; x_wconf 91' lang='lat' dir='ltr'>a</span> <span class='ocrx_word' id='word_1_387' title='bbox 564 2757 686 2806; x_wconf 85' lang='lat' dir='ltr'>prima</span> <span class='ocrx_word' id='word_1_388' title='bbox 707 2756 879 2794; x_wconf 87' lang='lat' dir='ltr'>secunda</span> <span class='ocrx_word' id='word_1_389' title='bbox 899 2764 971 2803; x_wconf 90' lang='lat' dir='ltr'>est,</span> <span class='ocrx_word' id='word_1_390' title='bbox 988 2771 1073 2795; x_wconf 91' lang='lat' dir='ltr'>cum</span> <span class='ocrx_word' id='word_1_391' title='bbox 1096 2756 1234 2794; x_wconf 87' lang='lat' dir='ltr'>codice</span> <span class='ocrx_word' id='word_1_392' title='bbox 1254 2758 1481 2807; x_wconf 83' lang='lat' dir='ltr'>Augustano</span> <span class='ocrx_word' id='word_1_393' title='bbox 1502 2769 1595 2793; x_wconf 91' lang='lat' dir='ltr'>con-</span> 
     </span>
     <span class='ocr_line' id='line_1_43' title="bbox 147 2818 1595 2870; baseline 0 -14"><span class='ocrx_word' id='word_1_394' title='bbox 147 2819 230 2864; x_wconf 87' lang='lat' dir='ltr'>tuli,</span> <span class='ocrx_word' id='word_1_395' title='bbox 253 2819 331 2866; x_wconf 92' lang='lat' dir='ltr'>illo,</span> <span class='ocrx_word' id='word_1_396' title='bbox 350 2833 462 2868; x_wconf 89' lang='lat' dir='ltr'>quem</span> <span class='ocrx_word' id='word_1_397' title='bbox 483 2819 872 2870; x_wconf 80' lang='lat' dir='ltr'>Demosthenicorum</span> <span class='ocrx_word' id='word_1_398' title='bbox 904 2833 1074 2857; x_wconf 84' lang='lat' dir='ltr'>meorum</span> <span class='ocrx_word' id='word_1_399' title='bbox 1106 2820 1283 2868; x_wconf 88' lang='lat' dir='ltr'>quintum</span> <span class='ocrx_word' id='word_1_400' title='bbox 1311 2818 1505 2869; x_wconf 85' lang='lat' dir='ltr'>appellare</span> <span class='ocrx_word' id='word_1_401' title='bbox 1535 2832 1595 2856; x_wconf 88' lang='lat' dir='ltr'>so-</span> 
     </span>
     <span class='ocr_line' id='line_1_44' title="bbox 147 2880 1597 2930; baseline 0.001 -14"><span class='ocrx_word' id='word_1_402' title='bbox 147 2880 222 2917; x_wconf 87' lang='lat' dir='ltr'>leo.</span> <span class='ocrx_word' id='word_1_403' title='bbox 254 2882 480 2929; x_wconf 85' lang='lat' dir='ltr'>Orationem</span> <span class='ocrx_word' id='word_1_404' title='bbox 502 2881 540 2920; x_wconf 89' lang='lat' dir='ltr'>in</span> <span class='ocrx_word' id='word_1_405' title='bbox 560 2881 776 2926; x_wconf 82' lang='lat' dir='ltr'>Philonem,</span> <span class='ocrx_word' id='word_1_406' title='bbox 794 2894 882 2930; x_wconf 83' lang='lat' dir='ltr'>quae</span> <span class='ocrx_word' id='word_1_407' title='bbox 902 2880 940 2918; x_wconf 92' lang='lat' dir='ltr'>in</span> <span class='ocrx_word' id='word_1_408' title='bbox 963 2881 1132 2919; x_wconf 84' lang='lat' dir='ltr'>editione</span> <span class='ocrx_word' id='word_1_409' title='bbox 1155 2880 1295 2917; x_wconf 89' lang='lat' dir='ltr'>Aldina</span> <span class='ocrx_word' id='word_1_410' title='bbox 1318 2885 1509 2928; x_wconf 83' lang='lat' dir='ltr'>postrema</span> <span class='ocrx_word' id='word_1_411' title='bbox 1526 2887 1597 2926; x_wconf 83' lang='lat' dir='ltr'>est,</span> 
     </span>
     <span class='ocr_line' id='line_1_45' title="bbox 149 2937 1598 2993; baseline 0.001 -14"><span class='ocrx_word' id='word_1_412' title='bbox 149 2954 238 2980; x_wconf 88' lang='lat' dir='ltr'>cum</span> <span class='ocrx_word' id='word_1_413' title='bbox 265 2942 399 2981; x_wconf 84' lang='lat' dir='ltr'>codice</span> <span class='ocrx_word' id='word_1_414' title='bbox 421 2937 671 2982; x_wconf 77' lang='lat' dir='ltr'>bibliothecae</span> <span class='ocrx_word' id='word_1_415' title='bbox 699 2944 812 2993; x_wconf 78' lang='lat' dir='ltr'>regiae</span> <span class='ocrx_word' id='word_1_416' title='bbox 834 2943 1030 2991; x_wconf 80' lang='lat' dir='ltr'>Parisinae‚</span> <span class='ocrx_word' id='word_1_417' title='bbox 1050 2957 1088 2980; x_wconf 90' lang='lat' dir='ltr'>n.</span> <span class='ocrx_word' id='word_1_418' title='bbox 1106 2947 1225 2982; x_wconf 73' lang='lat'>2941.</span> <span class='ocrx_word' id='word_1_419' title='bbox 1250 2941 1413 2991; x_wconf 85' lang='lat' dir='ltr'>signato,</span> <span class='ocrx_word' id='word_1_420' title='bbox 1434 2942 1598 2980; x_wconf 87' lang='lat' dir='ltr'>contulit</span> 
     </span>
    </p>
   </div>
  </div>
 </body>
</html>
