1819 3219
678 523 1124 580 ΛῪΣΙΟὙ

207 672 399 716 ΥΠΕΡ
444 671 602 715 ΤΟΥ
643 662 1266 712 ΕΡΑΤΟΣΘΕΝΟὙΣ
1309 661 1575 705 ΦΟΝΟὙ

677 792 1091 850 ΑΠΟΛΟΓΙΑ.

727 1037 1043 1077 ΎΠΟΘΕΣΙΣ.

195 1137 229 1168 ‘0
247 1145 391 1170 ΦΕΤΓΩΝ
406 1139 477 1170 δίκην
492 1139 570 1179 φόνου
584 1138 739 1179 Εὐφίλητος
755 1138 800 1169 τᾶν
812 1136 1015 1178 Ἐρατοσθένην
1031 1135 1133 1166 Οἴηθεν
1148 1135 1196 1165 τὴν
1206 1133 1292 1163 αὐτοῦ
1307 1133 1427 1172 γυναῖκα,
1441 1130 1615 1173 μοιχεύοντα

57 1176 135 1216 Pag-
153 1180 201 1212 ἔπ’
213 1183 366 1223 αὐτοφώρῳ
380 1183 479 1217 λαβὼν
493 1182 655 1213 ἀπέκτεινε.
701 1183 847 1213 SCALlc.
863 1182 931 1212 MS.
1633 1164 1709 1203 Pag-

1633 1207 1684 1237 ed.

0 1260 20 1290 [.
30 1220 136 1303 stegil]
587 1292 611 1302 Ν
1075 1289 1098 1301 Ν
1505 1285 1515 1301 Ι
1633 1251 1748 1282 Reisk.

33 1309 132 1344 91.1
152 1289 211 1345 α’.
252 1302 398 1344 ΠΕΡΙ
435 1307 608 1344 πολλου
644 1291 699 1343 οἷν
733 1290 1032 1362 ποιησαίμην,
1064 1298 1095 1341 ὠ
1131 1287 1292 1363 ἄνδρες,
1325 1287 1380 1338 τό
1399 1298 1659 1343 τοιουτους2

1024 1365 1044 1376 Λ·
1159 1362 1171 1381 Ι
1468 1359 1484 1379 Ι

1636 1376 1661 1410 3

149 1366 267 1438 ὑμᾶς
291 1367 386 1438 {luo}
407 1364 632 1425 δικαστάς
657 1365 764 1434 περὶ
785 1365 938 1417 ΤΟύΤΟῐ)
967 1389 1042 1416 Tou
1065 1386 1354 1439 πραγματθς
1379 1361 1615 1428 γενεσθαι,

195 1499 350 1539 ΛΎΣΙΟΎ]
375 1499 411 1528 In
421 1498 511 1536 hujus
534 1497 666 1528 nominis
689 1497 868 1527 societatem

152 1551 264 1571 venere
281 1542 416 1581 plurimi.
440 1542 586 1572 Occurrit
600 1545 712 1579 praeter
729 1545 867 1570 nostrum

152 1584 243 1624 longe
260 1583 487 1624 ὀνομαστότατον
511 1584 561 1624 (I)
586 1583 696 1622 Lysias
710 1583 739 1612 in
758 1585 867 1613 Marin.

153 1628 265 1656 Chron.
282 1627 429 1657 Arundel.
451 1627 575 1657 Archon
594 1627 724 1656 Athenis
741 1626 866 1665 Olymp.

153 1670 283 1700 XXIV.
297 1672 328 1700 3.
344 1681 403 1699 non
421 1670 499 1700 alius
517 1681 532 1699 a
549 1670 664 1705 Tlesia,
681 1679 770 1708 quem
788 1670 867 1698 Pau-

154 1714 253 1743 sanias
270 1713 300 1742 in
318 1715 456 1742 Messon.
482 1713 573 1742 solita
599 1711 806 1751 discrepantia
829 1712 866 1741 ad

153 1757 277 1796 Olyinp.
303 1755 435 1786 XXIH.
453 1760 484 1786 4.
508 1755 669 1794 relegavit.
713 1754 780 1794 (II)
806 1757 866 1794 Ly-

153 1800 212 1829 sias
229 1799 459 1829 Atheniensium
475 1800 549 1834 dux,
567 1799 619 1837 qui
636 1798 737 1827 navali
755 1798 865 1836 proelio

151 1843 189 1871 ad
207 1842 523 1881 Arginusasinterfuit
535 1840 650 1874 δέκατος
665 1840 759 1876 αὐτὸς,
776 1851 791 1869 a
808 1851 863 1879 po-

150 1885 225 1923 pulo
242 1886 363 1914 demum
388 1885 489 1924 capite
506 1886 685 1914 damnatus:
712 1895 751 1913 ex
770 1884 863 1913 notis-

151 1928 227 1958 sima
246 1928 384 1958 historia.
407 1928 480 1957 Vid.
508 1928 656 1967 Xenoph.
679 1927 774 1956 Diod.
803 1927 863 1956 Sic.

151 1981 278 2011 quorum
294 1971 344 2001 hic
366 1976 466 2000 {amen
490 1972 585 2001 semel
611 1981 668 2010 pro
694 1970 788 2009 Lysia
801 1969 863 2009 Ly-

150 2016 275 2051 sanium,
291 2014 344 2044 ille
357 2025 417 2044 uno
432 2015 539 2044 itidem
555 2015 584 2044 in
598 2014 666 2043 loco
685 2013 797 2043 Leonta
808 2024 863 2043 ex-

150 2058 246 2088 hibet.
290 2059 338 2087 Ita
357 2057 494 2087 vicissim
517 2068 572 2096 pro
593 2057 728 2095 Lysania
742 2057 800 2095 (τῶ
816 2067 863 2086 τε·

149 2101 259 2141 τςάρχῃ
276 2100 340 2141 sc.)
356 2099 458 2140 Lysias
473 2102 553 2140 apud
570 2101 693 2139 Ioseph.
707 2105 738 2129 et
748 2101 863 2129 Euseb.

151 2143 241 2184 (111)
262 2144 349 2173 Alius
366 2145 495 2174 fortasse
516 2149 622 2174 nostro
641 2143 747 2173 itidem
763 2153 864 2182 acqua-

151 2187 203 2222 lis,
228 2187 281 2226 qui
303 2191 488 2216 memoratur
503 2187 581 2216 infra
595 2187 625 2217 in
641 2187 726 2216 Orat.
741 2186 779 2215 de
793 2186 861 2216 Ari-

152 2231 254 2269 stoph.
267 2231 337 2259 bon.
352 2229 435 2270 (IV)
451 2230 574 2269 Lysias,
591 2229 643 2269 qui
658 2230 779 2259 duobus
797 2229 863 2259 dia-

150 2273 232 2312 logis
247 2272 416 2312 Speusippi
429 2273 579 2302 Platonici
592 2283 649 2312 pro
666 2272 758 2302 istius
775 2273 862 2301 scho-

151 2316 189 2345 lae
204 2316 294 2356 genio
310 2326 417 2345 nomeu
433 2316 531 2346 dedit.
575 2315 636 2355 (V)
650 2315 862 2354 Philosophus

150 2359 312 2390 Tarsensis
334 2359 516 2397 Epicureus,
529 2369 569 2389 ex
585 2358 730 2397 Sophista
745 2359 860 2398 Tyran-

151 2412 208 2432 nus
223 2404 335 2439 sactus,
351 2403 439 2441 cujus
455 2401 616 2432 historiola
631 2402 765 2431 occurrit
779 2402 859 2440 apud

151 2446 330 2476 Athenaeum
354 2447 376 2475 l.
391 2448 420 2475 5.
438 2456 469 2484 p.
487 2457 528 2475 m.
541 2448 615 2476 215.
661 2445 751 2474 Adde
776 2445 863 2474 Rho-

151 2488 331 2528 digin.1ect.
346 2490 438 2528 antiq.
449 2490 488 2519 V.
505 2491 558 2519 12.
572 2494 603 2519 et
615 2488 737 2518 XXII.
750 2491 802 2518 ί21.
817 2490 863 2517 An

150 2532 231 2561 idem
242 2532 297 2562 fuit
311 2532 375 2567 ille,
385 2533 464 2571 apud
481 2543 568 2572 quem
582 2532 774 2562 Hermachus
789 2531 863 2570 Epi-

151 2574 218 2605 curi
228 2585 387 2605 successor
397 2576 480 2605 diem
496 2575 585 2611 obiit,
601 2579 635 2604 ut
647 2575 749 2614 prodit
760 2575 863 2604 Laert.

126 2641 130 2645 .
150 2617 181 2648 in
204 2618 330 2657 Epicur.
356 2619 483 2648 videant
506 2619 673 2648 otiosores:
706 2618 798 2648 immo
825 2628 863 2647 an

151 2660 391 2702 omninofuerit‚
407 2672 475 2691 nam
490 2661 701 2691 eruditissimo
718 2660 863 2699 Menagio

151 2714 211 2733 non
234 2704 338 2734 arrisit
361 2703 500 2735 ἐτελεύτα
518 2707 596 2746 παρὰ
612 2703 715 2745 Λυσίᾳ,
732 2704 786 2734 sed
803 2714 863 2733 πα-

153 2746 276 2785 ραλύσει.
332 2748 417 2788 (VI)
450 2747 694 2787 Pharmacopola
723 2747 863 2786 ejusdem

152 2789 251 2818 aetatis
263 2794 353 2828 atque
364 2791 520 2830 Diogenes
536 2791 684 2831 Cynicus.
697 2791 797 2820 Laert.
806 2790 862 2819 VI.

154 2834 207 2862 42.
228 2832 325 2873 (Vll)
334 2834 474 2864 Eximius
485 2835 636 2874 sculptor,
651 2835 738 2873 cujus
748 2838 864 2872 “opus,

155 2873 303 2913 quadriga
318 2885 486 2915 currusque
511 2882 541 2907 et
564 2877 677 2916 Apollo
703 2885 739 2906 ac
766 2877 865 2906 Diana

155 2927 195 2946 ex
212 2927 272 2946 uno
288 2916 389 2957 lapide
399 2920 507 2949 Romae
515 2921 544 2949 in
558 2931 668 2959 magna
682 2919 864 2950 auctoritate

156 2960 358 2996 habebatur‚''
382 2966 414 2991 ut
439 2966 568 2992 testatur
589 2963 673 2993 Ptin.
698 2963 865 2993 XXXVI.

157 3004 187 3032 5.
228 3003 343 3045 (V111)
359 3005 492 3044 Legatus
502 3006 624 3037 Seleuci
638 3005 803 3037 Alexandri
821 3007 866 3037 M.

904 1495 1107 1531 successoris,
1129 1494 1157 1524 in
1184 1495 1267 1524 bello
1282 1498 1388 1524 contra
1412 1491 1618 1522 Demetrium.

902 1540 1043 1579 Polyaen.
1056 1540 1077 1568 1.
1094 1542 1124 1569 4.
1159 1538 1245 1579 (IX)
1261 1538 1351 1568 Alius
1363 1537 1468 1576 junior
1483 1536 1539 1566 sub
1554 1537 1617 1565 An-

902 1583 1005 1613 tiocho
1032 1583 1143 1621 Epiph.
1168 1591 1206 1611 ex
1234 1581 1318 1619 regia
1344 1580 1499 1619 prosapia,
1526 1588 1617 1618 quem

901 1625 1070 1655 debellavit
1092 1625 1189 1655 Iudas
1221 1624 1382 1653 Macchab.
1414 1623 1525 1652 deinde
1556 1631 1617 1650 una

902 1680 970 1698 cum
987 1668 1140 1698 Antiocho
1154 1668 1311 1705 Eupatore
1325 1666 1502 1696 Demetrius
1515 1672 1616 1694 morte

903 1712 1075 1742 mulctavit.
1117 1715 1134 1740 1
1152 1710 1314 1740 Macchab.
1331 1720 1400 1748 cap.
1417 1711 1447 1739 3.
1462 1711 1492 1738 4.
1506 1710 1538 1737 7.
1561 1708 1614 1737 10-

902 1756 989 1794 seph.
1006 1755 1114 1792 Antiq.
1130 1755 1151 1783 l.
1166 1754 1248 1783 XII.
1265 1763 1335 1792 cap.
1347 1756 1399 1782 11.
1414 1753 1529 1787 15,16.
1549 1751 1615 1790 Ap-

900 1799 981 1837 pian.
999 1799 1028 1827 in
1047 1797 1166 1836 Syriae.
1188 1797 1298 1835 Polyb.
1317 1797 1347 1825 in
1365 1796 1451 1825 Hist.
1466 1806 1494 1824 c,
1512 1796 1563 1823 17.
1584 1799 1615 1823 et

900 1842 930 1870 in
960 1842 1108 1878 Excerpt.
1135 1841 1241 1878 Legat.
1271 1839 1424 1878 Hegesip.
1447 1838 1486 1867 de
1512 1837 1615 1866 excid.

901 1885 966 1913 urb.
984 1883 1141 1913 Hierosol.
1166 1884 1212 1912 ΙΙ.
1235 1885 1288 1913 13.
1305 1887 1336 1911 et
1356 1883 1392 1912 L.
1410 1880 1522 1910 Florus
1539 1880 1615 1918 Epi-

899 1931 973 1957 tom.
999 1927 1120 1958 Histor.
1146 1926 1214 1955 Liv.
1241 1926 1268 1954 l.
1298 1927 1350 1955 46.
1381 1923 1445 1966 (X)
1468 1924 1616 1953 Claudius

900 1971 1010 2009 Lysias
1039 1970 1178 1999 tribunus
1203 1968 1333 1998 militum
1361 1979 1378 1997 a
1402 1967 1443 1996 D.
1472 1968 1556 1996 Luca
1582 1966 1614 1996 in

900 2015 970 2043 Act.
995 2015 1107 2053 Apost.
1134 2017 1331 2042 memoratus
1357 2009 1448 2051 (XI)
1469 2010 1616 2040 Medicus

898 2057 1006 2086 incerti
1022 2057 1081 2086 axvi
1093 2066 1109 2084 a
1125 2056 1216 2086 Celso
1231 2055 1372 2084 laudatus
1388 2054 1427 2083 V.
1444 2056 1496 2084 18.
1511 2051 1617 2093 (XII)

898 2101 1009 2139 Lysias
1037 2099 1172 2139 quidam,
1193 2098 1246 2138 qui
1262 2098 1325 2131 βοῦν
1341 2096 1474 2127 ἀνέθηκεν
1493 2095 1519 2125 ἔν
1534 2097 1615 2136 cingo-

899 2143 992 2179 πόλει,
1015 2148 1049 2173 ut
1076 2143 1188 2172 habent
1216 2141 1361 2181 Apostol.
1388 2141 1477 2169 Cent-
1496 2140 1534 2169 V.
1563 2140 1616 2169 85.

897 2187 977 2216 And.
995 2187 1113 2216 Schott.
1134 2185 1234 2215 Vatic.
1251 2184 1396 2223 Append.
1416 2185 1504 2212 Ceut.
1526 2181 1546 2211 l.
1562 2184 1616 2213 25.

896 2231 939 2260 Ni
955 2236 1054 2259 tamen
1073 2228 1223 2270 Lysippo,
1244 2234 1276 2257 ut
1285 2228 1356 2257 alibi
1372 2226 1499 2260 dicitur,
1511 2226 1616 2255 sucum

896 2273 1026 2303 fecerint
1052 2270 1333 2311 Paroemiographi.
1351 2267 1477 2311 (XIII)
1492 2268 1616 2307 Lysias,

897 2327 985 2355 quem
999 2316 1224 2354 colloquentem
1247 2313 1367 2343 inducit
1382 2312 1568 2345 Plutarchus
1584 2311 1615 2340 in

896 2360 917 2389 l.
934 2361 972 2389 de
988 2359 1103 2389 Music.
1118 2357 1241 2397 (XIV)
1257 2357 1377 2396 Lysias,
1394 2355 1432 2384 ad
1450 2365 1537 2394 quem
1560 2365 1616 2384 ex-

900 2407 960 2432 stat
976 2402 1108 2443 epistola
1136 2401 1259 2431 Libanii
1298 2400 1360 2429 Ill.
1387 2401 1462 2428 104.
1516 2398 1616 2437 (XV)

899 2446 1000 2482 Alius,
1015 2447 1103 2484 cujus
1116 2443 1251 2474 occurrit
1261 2443 1376 2473 mentio
1387 2442 1499 2472 Marm.
1513 2442 1615 2470 Oxon.

900 2490 963 2519 IX.
977 2491 1008 2520 3.
1021 2489 1095 2519 edit.
1113 2487 1248 2517 Mattair.

981 2558 1153 2581 ΔΙΟΓΕΝΗΣ.
1169 2557 1300 2579 ΛΥΣΙΟΥ.
1318 2555 1514 2578 ΛΑΟΔΚΚΕΥΣ.

898 2613 1020 2656 (XVI)
1036 2614 1126 2644 Alius
1150 2623 1244 2652 porro
1261 2612 1400 2653 ejusdem
1421 2610 1539 2644 farinae,
1561 2619 1615 2637 cu-

895 2660 947 2697 jus
961 2668 1070 2687 nomen
1087 2656 1198 2687 visitur
1213 2655 1344 2687 Athenis
1357 2655 1387 2684 in
1399 2654 1517 2684 theatro
1534 2653 1612 2682 Bac-

899 2702 959 2732 chi.

1199 2750 1312 2777 ΝΙΚΩΝ,

1200 2784 1329 2806 ΛΥΣΙΟΥ.

1201 2817 1328 2839 ΑΛΙΕΥΣ.

900 2877 993 2915 Spon.
1009 2873 1166 2906 Wheeler.
1188 2870 1322 2912 (XVII)
1346 2868 1457 2908 Lysias
1477 2867 1615 2906 Presby-

901 2924 948 2949 ter
959 2919 1020 2959 (ita
1033 2918 1134 2948 Codd.
1146 2926 1204 2945 non
1221 2912 1343 2952 Λουσίᾳ)
1357 2912 1408 2941 cui
1424 2912 1535 2941 dantur
1545 2911 1615 2939 duae

903 2962 1042 3001 epistolae
1057 2961 1122 2991 Nili
1137 2957 1288 2991 monachi,
1300 2956 1368 2985 III.
1383 2956 1456 2991 109,
1474 2955 1548 2984 110.
1571 2954 1616 2983 Ut

901 3009 1059 3036 taceantur
1091 3001 1144 3044 (1)
1168 3000 1289 3042 LysiaS,
1328 3009 1417 3038 quem
1452 2995 1615 3028 somniavit

948 3059 968 3077 Y
