1839 3229
219 175 273 215 50
752 174 942 217 LYSIAE
973 174 1129 217 VITA.

220 279 361 330 quibus
381 281 700 332 importunissimi
726 284 892 336 tyranni,
921 283 1126 333 publicatis
1159 283 1283 328 bonis,
1311 283 1428 320 etiam
1462 282 1501 319 in
1527 280 1667 320 alienis

217 340 439 380 civitatibus
468 343 642 382 exsilium
674 344 843 383 invidere
862 343 1106 382 videbantur.
1164 342 1546 381 Lacedaemoniorum
1564 342 1667 381 enim

218 401 365 448 edicto,
397 405 464 454 qui
495 410 587 443 tunc
614 406 653 442 in
686 405 844 443 Graecia
875 417 1022 443 summa
1054 417 1178 442 rerum
1218 403 1446 454 potirentur,
1485 403 1668 442 civitates

218 475 350 502 omnes
370 465 519 503 exsules
538 466 712 519 recipere
728 465 1046 517 prohibebantur,
1075 465 1142 515 qui
1171 471 1300 502 tamen
1331 464 1444 514 Argis
1463 447 1667 503 etffhebis

218 524 323 563 nacti
342 532 430 564 sunt
449 526 680 576 perfugium.
736 526 951 565 Redierunt
975 527 1120 577 itaque,
1151 532 1291 576 praeter
1322 526 1476 569 multos,
1501 535 1668 574 quorum

221 588 375 625 nomina
395 587 557 626 historia
576 588 686 626 istius
707 588 889 640 temporis
918 601 994 626 non
1025 589 1172 634 retulit,
1191 590 1339 626 Auctor
1367 592 1509 632 noster,
1530 585 1668 624 Archi-

222 660 292 684 uus
305 647 361 686 vir
376 649 633 699 gravissimus,
648 649 697 687 de
710 663 788 700 quo
806 650 917 700 plura
927 649 965 687 in
982 650 1247 700 sequentibus,
1262 646 1507 686 Atrometus*
1521 645 1671 685 AEschi-

221 708 278 745 nis
301 710 478 748 Oratoris
510 717 631 761 pater,
653 711 872 762 Chaereplio
900 711 1166 757 Socraticus,†
1193 708 1668 761 Anytus,1Phormisius‚§

222 770 466 820 Andocidesll
487 787 507 810 e
528 773 704 824 Collegio
725 773 776 811 X.
799 774 1022 818 Oratorum,
1044 772 1333 810 Aristocratestl
1350 770 1479 810 Scellii
1495 771 1557 816 F„
1571 767 1670 807 AEsi-

223 835 367 879 niusffff‘
390 835 652 885 ErgocleS‚††
672 835 946 887 Epicrates‚‡‡
970 834 1227 882 Cleocritus{§
1246 835 1264 871 ὁ
1280 841 1352 872 τῶν
1367 833 1532 871 Μυστῶν
1551 834 1670 882 κῆρυξ,

221 893 530 945 Thrasybuluslm
551 897 802 948 Colyttensis‚
824 897 981 948 aliique.

276 956 365 995 Fuit
385 958 581 1009 aliquanto
600 959 782 997 illustrior
810 964 1049 1009 recuperatae
1069 958 1247 996 Civitatis
1268 956 1559 996 Atheniensium
1580 967 1672 1002 aera,

223 1018 328 1068 quod
348 1019 465 1070 Resp.
487 1021 590 1058 bello
610 1033 696 1059 cum
716 1020 888 1059 finitimis
908 1020 1105 1066 diuturno,
1134 1026 1173 1057 et
1201 1032 1290 1057 mox
1319 1018 1502 1057 intestino
1520 1017 1670 1063 funeta,

220 1080 269 1117 ad
291 1080 444 1119 civilem
464 1081 723 1133 disciplinam,
746 1096 822 1133 qua
852 1083 1014 1121 maxime
1044 1094 1195 1132 semper
1221 1079 1415 1128 inclaruit,
1435 1079 1542 1118 novis
1563 1078 1673 1117 insti-

222 1142 316 1179 tutis
336 1143 416 1181 sive
429 1143 693 1195 refingendam
715 1145 791 1182 sive
812 1143 1115 1183 confirmandam
1138 1156 1219 1180 sese
1240 1142 1474 1193 accingeret.
1529 1141 1576 1178 In
1589 1145 1673 1178 tan-

222 1209 263 1240 to
283 1205 448 1255 strepitu
467 1218 672 1253 armorum,
702 1212 741 1244 et
768 1211 955 1257 praeterea
978 1206 1016 1243 in
1039 1203 1244 1243 discordiis
1263 1210 1382 1254 atque
1403 1201 1673 1241 internecioni-

223 1264 294 1303 bus
314 1265 552 1313 domesticis,
574 1281 733 1306 necesse
752 1267 825 1306 suit
844 1268 964 1306 multa
983 1267 1114 1313 laxari,
1136 1279 1224 1316 quae
1252 1265 1386 1303 civitas
1413 1265 1510 1303 bene
1530 1264 1674 1301 consti-

223 1333 307 1366 tuta
328 1335 366 1367 et
386 1329 423 1367 in
454 1330 621 1368 solidum
643 1330 837 1369 vindicata
857 1331 1030 1381 colligari
1052 1329 1185 1373 vellen
1219 1328 1343 1366 multa
1371 1327 1556 1373 innovari,
1586 1339 1675 1376 quae

224 1390 360 1429 eadem
387 1392 561 1430 tollenda
589 1406 673 1430 esse
702 1393 948 1438 decerneret3
977 1390 1160 1430 nonnulla
1189 1391 1306 1428 etiam
1336 1388 1554 1440 praevideri,
1587 1399 1676 1437 quae

222 1460 467 1502 posterorum
487 1455 573 1492 usui
593 1461 632 1493 et
651 1454 761 1492 saluti
782 1468 863 1493 esse
889 1459 1110 1505 potuerunt.
1168 1453 1309 1503 Neque
1329 1451 1490 1489 fortasse
1510 1448 1676 1487 alienum

222 1514 295 1554 erit
316 1515 390 1553 hoc
410 1516 499 1555 loco
519 1529 728 1567 exponere,
749 1522 894 1566 quanta
916 1516 1107 1566 sapientia
1125 1520 1163 1551 et
1185 1512 1450 1551 moderatione
1468 1511 1535 1549 illa
1554 1510 1676 1548 Exsu-

222 1576 300 1614 lum
322 1589 452 1615 manus
469 1578 608 1627 Remp.
625 1579 820 1621 tractavit,
836 1589 951 1626 quam
968 1589 1090 1625 nuper
1110 1579 1215 1613 tanta
1237 1575 1378 1612 virtute
1400 1572 1675 1610 vindicaverat.

275 1639 389 1676 Anno
411 1645 500 1689 post
526 1637 691 1676 reditum
713 1638 876 1675 Archon
904 1644 989 1675 erat
1014 1636 1209 1683 Euclides,
1240 1635 1306 1685 qui
1328 1634 1475 1673 idcirco
1493 1634 1532 1671 in
1552 1633 1678 1672 Fastis

222 1705 340 1750 atque
378 1701 417 1737 in
454 1699 637 1737 institutis
675 1699 969 1737 Atheniensium
1008 1711 1145 1748 novam
1184 1697 1295 1747 quasi
1332 1708 1448 1734 aeram
1487 1695 1679 1746 signabat.

224 1762 353 1799 Multa
373 1774 431 1799 me
461 1766 625 1807 movent,
656 1773 777 1811 quare
807 1760 961 1798 credam
993 1760 1064 1798 sub
1093 1773 1139 1797 eo
1168 1759 1338 1796 Praetore
1370 1762 1565 1808 repertum
1595 1770 1678 1796 esse

224 1823 427 1861 consilium
450 1822 698 1872 alphabetum
720 1823 908 1860 Graecum
928 1820 1168 1865 recensendi,
1186 1819 1529 1868 introductamque
1549 1819 1678 1858 litera-

225 1897 309 1922 rum
324 1884 493 1929 XXIV„
511 1896 582 1933 pro
605 1882 714 1921 XVI.
736 1882 877 1932 quibus
894 1883 999 1934 prius
1016 1882 1238 1932 utebantur,
1260 1881 1532 1933 rationem.q[qJ
1571 1881 1678 1919 Prae-

223 1969 308 2008 Νάξον
334 1969 452 2000 ἐπινίκια,
475 1966 650 2009 ναυμαχίας.
672 1968 710 2008 τῇ
736 1967 764 1997 δὲ
793 1968 933 2010 δωδεκάτῃ
969 1970 1018 1999 Ex
1035 1979 1138 1998 errore
1152 1968 1293 2002 DiodorI,
1308 1966 1400 2007 quiin
1417 1977 1453 1997 ea
1464 1976 1497 1996 re
1509 1966 1566 1997 fuit
1578 1967 1678 1998 minus

222 2014 396 2054 χαριστήρια
416 2011 495 2042 ἔθυον
510 2010 676 2050 ἐλευὲεξίας·
702 2010 726 2040 ἐν
744 2008 823 2052 ἐκείνῃ
839 2013 892 2051 γὰρ
911 2013 932 2041 οἳ
968 2011 1118 2048 curiosus,
1139 2016 1228 2053 natus
1248 2016 1296 2040 est
1318 2020 1403 2040 error
1424 2010 1679 2050 chronographo-

223 2055 288 2085 ἀνω-ὸ
299 2057 387 2095 φυλῆς
397 2055 534 2096 (corrige
547 2054 651 2094 Φυλῆς)
662 2053 818 2084 κατῆλθον.
837 2056 934 2084 Ροιϊο
968 2065 1046 2090 rum,
1071 2054 1197 2085 Eusebii
1214 2065 1256 2084 sc.
1276 2053 1442 2093 Pamphili,
1458 2052 1602 2083 Cbronici
1619 2053 1677 2083 Pa-

225 2104 326 2129 autem
351 2100 436 2128 locus
466 2100 645 2137 praefractus
675 2097 763 2126 valde
794 2103 825 2127 et
853 2098 935 2127 lacer
969 2097 1168 2134 schalis‚etc.

224 2142 381 2172 Plutarch.
406 2143 546 2180 Sympos.
569 2140 632 2170 IX.
651 2142 681 2170 6.
697 2141 736 2170 de
752 2140 934 2179 'I'hrasybuli
1011 2142 1029 2159 ³¹²
1046 2140 1202 2180 Apollonii
1220 2140 1291 2169 Vita
1311 2137 1478 2170 AEsohinis.
1526 2139 1612 2169 Idem
1625 2139 1680 2169 AE-

224 2185 325 2214 reditu
341 2189 373 2214 et
392 2185 503 2214 decore
520 2184 589 2213 inde
607 2183 830 2225 Boedromioni
840 2183 934 2213 mensi
969 2183 1067 2213 schin.
1093 2184 1131 2213 de
1155 2183 1298 2213 ementita
1321 2183 1414 2223 legat.
1439 2192 1470 2221 p.
1498 2183 1550 2212 38.
1594 2182 1679 2212 Edit.

226 2228 344 2263 addim,
356 2229 394 2256 de
407 2237 459 2257 ara
474 2229 547 2257 item
564 2226 740 2256 Oblivionis
752 2223 863 2266 ‘ibfflohl
879 2228 936 2256 du·
969 2227 1078 2266 steph.

225 2271 275 2300 bio
311 2280 347 2299 eo
380 2275 518 2310 tempore
553 2274 741 2305 consecrata,
773 2280 832 2308 quo
867 2270 934 2298 Lex
1012 2273 1025 2301 †
1044 2269 1119 2300 Plat.
1137 2270 1271 2309 Apolog.

225 2311 387 2353 ἀμνηστίας
409 2314 503 2353 (sive,
528 2318 560 2343 ut
587 2314 678 2343 Corn.
704 2313 812 2352 Nepos
836 2316 936 2348 vocat,
1013 2317 1026 2349 ‡
1046 2315 1119 2352 Lys.
1135 2324 1162 2342 c.
1183 2312 1309 2352 Agorat.
1332 2312 1429 2341 Isocr.
1453 2321 1480 2341 c.
1501 2309 1679 2341 Callimach.

226 2358 292 2386 Lex
310 2356 500 2395 oblivionis)
515 2356 575 2386 lata
590 2355 660 2391 fuit,
676 2355 820 2384 nonnulla
836 2355 935 2390 babet,
971 2356 1117 2395 Xenoph-

225 2399 278 2428 sed
314 2402 440 2437 propter
465 2399 524 2428 loci
554 2399 761 2436 impuritatem
791 2398 938 2438 impedita
1012 2398 1028 2437 §
1044 2399 1173 2437 Dionys.
1190 2397 1294 2428 Halic.
1310 2397 1341 2426 in
1356 2395 1458 2436 Lysia.
1470 2397 1508 2426 V.
1520 2396 1681 2436 Aristopli.

223 2441 348 2471 nimium
362 2447 392 2471 et
404 2441 560 2471 intellectu
574 2441 761 2472 difficillima.
805 2442 936 2471 Consla—
970 2441 1048 2471 Rau.
1062 2446 1093 2471 et
1109 2442 1256 2471 Dinareh.
1272 2450 1298 2469 c.
1316 2439 1476 2469 Demosth.

223 2485 301 2514 bunt
315 2491 414 2513 tamen
431 2485 536 2523 utique
552 2494 598 2520 ea,
615 2495 682 2523 quae
697 2484 776 2514 dixi.
1015 2484 1028 2525 Η
1046 2485 1203 2520 Plutarch,
1218 2484 1249 2514 in
1264 2482 1435 2513 Andocide.

267 2528 317 2556 Ex
333 2527 418 2556 hisce
434 2527 528 2565 igitur
539 2527 617 2556 inter
634 2538 666 2557 se
679 2527 864 2567 comparatis
880 2527 933 2556 hu-
1014 2530 1039 2565 Ἦ
1059 2528 1218 2558 Demosth.
1233 2537 1261 2555 c.
1277 2524 1438 2555 Theocrin.

219 2569 355 2609 jusmodi
371 2574 495 2599 eruetur
511 2569 650 2609 Epocha.
1013 2571 1052 2589 Η
1068 2572 1142 2609 Lys.
1159 2581 1186 2599 c.
1202 2570 1327 2608 Agorat.

239 2615 399 2643 Ancum«.
435 2611 440 2653 Ι
466 2613 606 2642 OLYMP.
628 2611 633 2653 l
1014 2616 1042 2646 Η
1060 2615 1133 2652 Lys.
1149 2624 1178 2643 c.
1192 2611 1316 2651 Ergocl.

417 2654 606 2695 ÷——-—-—-
1013 2660 1046 2693 ῃ
1063 2655 1223 2685 Demosth.
1239 2654 1278 2684 de
1294 2652 1442 2683 ementita
1453 2651 1617 2692 legatione.

224 2698 350 2730 Alexias
462 2709 560 2729 xcnr.
576 2702 605 2728 4.
652 2701 795 2732 exeunte,
819 2698 935 2738 Lysan-
1013 2699 1045 2738 ᾗῇ
1061 2698 1208 2737 Xenopb.
1225 2695 1378 2726 Hellenic.

693 2741 748 2769 der
779 2740 934 2770 XXXvi-
1014 2740 1045 2781 ΙΙΗ
1063 2741 1222 2770 Demosth.
1239 2749 1266 2769 c.
1283 2739 1450 2769 Timocrat.

694 2793 744 2812 ros
759 2779 897 2821 imperat.
1012 2783 1068 2820 5qu
1082 2784 1154 2812 vid.
1167 2781 1324 2812 Plutarch.
1336 2779 1610 2818 iuAristidejuxta
1624 2779 1683 2810 ini—

223 2827 416 2866 Pytliodorus
463 2836 556 2857 κων.
573 2830 603 2856 1.
652 2824 836 2866 -Ἀναρχία,
902 2829 934 2854 ut
971 2825 1056 2855 tium.
1073 2837 1128 2867 σχ.
1154 2824 1294 2864 Euripid.
1318 2823 1474 2853 Phoeniss.
1490 2823 1564 2852 688.
1600 2823 1681 2853 Har-

695 2873 831 2898 vocatur.
970 2878 1054 2907 pocr.
1068 2869 1099 2897 iu
1112 2868 1226 2897 Ἀττικ.
1241 2878 1333 2907 γξαμ.
1350 2866 1475 2895 Salmas.
1489 2865 1527 2894 ad
1536 2865 1682 2906 Inscript.

226 2912 369 2942 Euclides
463 2921 554 2942 xe1v.
571 2914 603 2941 ⁰2.
652 2910 829 2946 —ineunte‚
839 2910 934 2939 Thra·
972 2910 1108 2940 Herodis
1122 2916 1152 2940 et
1169 2910 1310 2948 Regillae.
1327 2909 1416 2938 Voss.
1431 2908 1470 2938 de
1485 2908 1683 2939 Grammatio.

694 2953 797 2994 sybuli
816 2953 933 2983 reditus
971 2954 1065 2983 Petit.
1090 2954 1260 2983 comment.
1288 2952 1325 2982 ad
1348 2952 1413 2982 LL.
1437 2950 1532 2981 Attio.
1552 2961 1583 2990 p.
1606 2954 1682 2982 118.

693 3006 760 3026 cum
780 2997 854 3027 suis.
969 2997 1081 3036 Scalig.
1108 2997 1145 3026 ad
1169 2996 1281 3026 Euseb.
1304 2995 1407 3025 Vales.
1431 2994 1469 3025 ad
1493 2993 1681 3033 Harpocrat.

432 2955 437 3037 l
