1839 3229
224 206 278 245 28
775 210 810 251 Ι.
836 210 870 250 1.
893 210 1124 253 REISKII

219 317 306 346 sunt
326 310 363 347 in
386 310 493 350 libris
507 313 684 363 vulgatis.
740 315 832 352 Plus
852 315 1002 365 profeci
1018 331 1038 354 e
1059 316 1197 355 codice
1217 316 1524 366 vindobonensi,
1538 333 1670 368 quam-

219 385 333 419 quam
355 386 431 411 non
452 380 616 423 tantum,
647 381 830 424 quantum
852 389 1090 426 speraveram
1111 391 1130 415 a
1153 378 1378 416 Nesseliano
1399 379 1549 419 illectus
1569 381 1669 419 iudi-

219 433 294 470 cio.
353 435 540 473 Codicem
573 436 675 474 huuc
697 450 818 474 nicam
847 438 883 474 in
911 439 1071 487 gratiam
1094 446 1216 477 totum
1244 453 1265 477 a
1291 431 1416 490 capite
1442 441 1491 478 ad
1521 442 1669 480 calcem

218 508 307 532 curn
334 496 508 534 editione
542 497 664 547 Lysioe
698 499 969 549 Marpurgensi
997 514 1019 538 a
1049 501 1080 538 Ι.
1102 501 1152 538 Η.
1193 501 1296 539 Maie
1338 509 1472 540 curata
1505 504 1671 542 contulit

219 558 388 594 Gottlob
425 558 622 596 Christian
656 560 780 606 Storr,
801 561 848 598 V.
876 561 921 598 C.
953 563 999 600 A.
1028 563 1085 601 M.
1118 563 1435 614 StutgardieiisiS‚
1471 565 1671 604 ministerii

218 618 441 669 Evangelici
479 620 720 667 candidatus,
743 621 900 671 juvenis
934 631 977 661 ut
1009 637 1202 662 sacrarum
1233 625 1441 672 literarum,
1465 633 1504 664 et
1540 640 1670 666 earum

218 680 404 730 inprimis,
444 695 539 729 quas
590 683 794 721 orientales
841 685 1051 735 appellant,
1097 694 1242 737 praeter
1287 688 1482 738 vulgarem
1526 702 1671 727 morem

219 742 379 790 peritus,
416 742 464 780 de
504 756 583 793 quo
622 745 822 783 constabit
855 760 901 783 ex
936 747 1145 797 opusculis,
1182 762 1344 798 quorum
1384 756 1495 800 parat
1531 749 1672 788 editio-

220 816 322 852 nem,
364 803 412 845 ad
449 805 687 844 literaturam
726 807 920 857 Syriacam
955 808 1252 858 pertinentibus,
1285 824 1370 859 quae
1410 812 1599 861 opuscula
1628 820 1672 851 ut

220 878 334 914 quam
362 868 526 916 primum
564 867 638 918 ipsi
667 869 841 919 proferre
875 870 1002 915 liceat,
1033 885 1079 908 ex
1108 871 1235 909 animo
1264 879 1378 922 opto;
1413 872 1467 910 ita
1493 873 1567 911 mei
1591 881 1668 912 tarn

218 941 363 973 amans,
394 936 470 966 tam
501 929 723 978 observans,
758 938 835 969 tam
868 933 1078 979 studiosus,
1107 940 1145 971 ut
1181 932 1220 970 id
1253 947 1371 971 unum
1401 947 1510 984 paene
1540 935 1670 974 videa-

218 998 281 1026 tur
317 991 527 1028 arbitratus
564 992 636 1030 sibi
668 992 801 1031 datum
837 995 982 1044 negotii
1013 1008 1108 1041 esse,
1142 1002 1185 1032 ut
1215 995 1340 1032 modis
1371 996 1512 1046 quibus
1541 1004 1673 1047 posset.

217 1050 395 1090 omnibns
423 1054 521 1091 bene
551 1054 599 1091 de
629 1068 688 1091 me
718 1062 942 1095 inereretur.
998 1057 1126 1095 Tanta
1147 1057 1220 1095 fuit
1239 1056 1322 1106 ejus
1342 1070 1432 1107 erga
1452 1070 1513 1095 me
1533 1058 1672 1109 pietas,

220 1120 262 1150 ut
282 1113 349 1151 filii
369 1129 460 1166 erga
486 1123 683 1166 parentem
705 1118 766 1155 vix
787 1117 910 1167 major
930 1132 1013 1156 esse
1035 1119 1180 1169 possit;
1212 1133 1337 1167 neque
1357 1119 1470 1157 facile
1490 1120 1673 1159 recordor

218 1175 462 1214 familiarium
485 1191 719 1227 quemquam
741 1179 873 1225 fuisse,
896 1180 959 1228 qni
988 1181 1059 1218 hac
1081 1181 1194 1219 laude
1216 1195 1302 1219 eum
1324 1188 1537 1231 superaret.
1595 1182 1672 1220 Ve-

218 1243 434 1276 rumtamen
457 1240 655 1290 aegerrime
675 1240 757 1278 fero
778 1253 798 1278 a
823 1240 967 1290 juvene
998 1241 1238 1288 doctissimo,
1267 1242 1370 1291 quod
1397 1242 1518 1280 otium
1539 1243 1674 1281 melius

218 1299 399 1337 collocari
420 1309 586 1351 poterat,
609 1315 721 1353 paene
743 1303 933 1340 incassum
962 1303 1000 1340 id
1024 1316 1106 1341 esse
1134 1304 1351 1342 insumtum.
1411 1303 1456 1341 Id
1490 1304 1596 1353 quod
1625 1318 1672 1343 ex

217 1361 259 1398 iis
281 1362 435 1400 schedis
457 1363 549 1400 mihi
570 1365 759 1410 constitit,
786 1378 878 1413 quas
904 1365 1141 1403 Vindobona
1166 1365 1218 1403 ad
1245 1379 1303 1403 me
1324 1365 1440 1411 misit,
1462 1365 1500 1403 in
1531 1359 1672 1415 quibus

216 1431 371 1473 apertas
401 1439 555 1476 quoque
585 1433 624 1464 ct
651 1427 873 1465 manifestas
903 1427 1048 1465 librarii
1069 1427 1202 1465 Graeci
1232 1427 1535 1466 halucinationes
1554 1441 1673 1466 anno·

217 1486 322 1533 tavit,
345 1487 410 1524 sed
433 1501 497 1525 eas
522 1495 598 1525 tam
620 1489 790 1534 crebras,
814 1496 852 1527 et
872 1496 948 1527 tam
970 1503 1130 1540 spurcas
1152 1496 1269 1539 atque
1289 1490 1509 1536 abnormes,
1531 1496 1572 1527 ut
1592 1489 1675 1528 fieri

217 1561 329 1597 posse
351 1562 500 1599 negem,
523 1558 564 1588 ut
587 1564 747 1600 usquam
768 1552 941 1589 locorum
961 1553 1057 1590 alius
1085 1557 1209 1589 exstet
1235 1550 1360 1589 codex
1381 1552 1547 1589 Graecus
1565 1550 1674 1601 flagi-

218 1610 366 1659 tiosius,
396 1618 512 1660 atque
545 1612 606 1650 hic
629 1613 940 1651 Vindobonensis
971 1621 1041 1660 est,
1072 1619 1262 1652 exaratus,
1320 1613 1446 1656 Quem
1476 1613 1507 1650 si
1526 1613 1676 1664 Taylor

217 1671 377 1720 perinde
409 1673 603 1722 cognitum
633 1688 703 1712 usu
733 1681 849 1723 atque
873 1682 1121 1726 perspectum
1148 1675 1356 1722 habuisset,
1377 1681 1493 1723 atque
1513 1688 1586 1725 ego
1606 1674 1674 1712 ha-

220 1733 304 1778 heo,
335 1735 512 1784 profecto
550 1750 625 1774 non
661 1736 901 1783 affirmasset,
938 1738 1116 1776 codicem
1143 1737 1487 1775 Vindobonensem
1516 1737 1675 1787 optimae

216 1801 322 1833 7201ae
353 1811 449 1836 csse.
508 1800 584 1836 Sed
621 1799 827 1837 humanum
860 1807 933 1847 est,
962 1801 1010 1838 de
1045 1800 1295 1850 incompertis
1328 1798 1424 1837 bene
1451 1799 1609 1849 sperari,
1637 1805 1676 1837 et

216 1858 419 1908 magnifice
441 1861 660 1910 praedicari.
690 1862 773 1911 Ego
794 1862 971 1910 equidem
993 1862 1023 1899 si
1040 1861 1278 1912 praescissem
1298 1860 1483 1907 futurum,
1506 1865 1550 1898 ut
1568 1860 1674 1899 illinc

217 1921 305 1970 plus
322 1920 414 1967 lolii,
430 1936 542 1971 quam
559 1924 671 1961 bonae
686 1923 805 1974 frugis
821 1924 1077 1975 colligeretur,
1095 1923 1273 1974 profecto
1290 1935 1365 1960 non
1381 1923 1673 1970 commisissem,

219 1990 260 2020 ut
281 1985 428 2034 optimo
449 1985 600 2022 Storrio
629 1999 714 2023 meo
735 1986 972 2036 provinciam
994 1993 1072 2024 tam
1092 1986 1290 2023 insuavem
1310 1992 1348 2023 et
1368 1992 1446 2023 tam
1465 1984 1676 2024 infructuo-

218 2059 297 2083 sam
318 2046 613 2091 demandare—1113
646 2061 878 2097 quamquam
900 2044 995 2099 ipse,
1016 2048 1114 2086 ultra
1135 2061 1248 2097 quam
1271 2047 1344 2085 sibi
1371 2047 1571 2098 expediret
1590 2047 1673 2085 offi-

217 2108 359 2153 ciosus,
380 2109 478 2147 hanc
496 2109 731 2159 provinciam
755 2110 873 2160 magis
893 2110 1130 2160 efflagitavit,
1151 2122 1265 2158 quam
1285 2122 1357 2159 ego
1376 2108 1556 2160 imposui.
1597 2109 1675 2147 Ve-

218 2184 299 2207 rum
328 2172 431 2208 enim
465 2185 569 2219 vero,
601 2172 706 2219 quod
737 2186 840 2223 saepe
875 2186 944 2210 usu
976 2173 1093 2219 venit,
1128 2180 1171 2210 ut
1202 2187 1248 2210 ex
1282 2171 1429 2222 ingenti
1462 2171 1673 2210 scoriarum

217 2246 355 2270 acervo
385 2233 467 2271 auri
499 2240 625 2271 tamen
656 2234 764 2272 micae
795 2241 989 2282 eruantur,
1018 2235 1070 2272 ita
1100 2235 1192 2272 mihi
1223 2248 1378 2284 quoque
1401 2233 1511 2272 licuit
1535 2247 1582 2272 ex
1602 2234 1676 2273 hac

215 2295 372 2332 immani
402 2296 589 2346 farragine
612 2297 1032 2346 portentosissimarum
1065 2297 1214 2335 codicis
1234 2296 1549 2334 Vindobonensis
1570 2309 1675 2334 men-

216 2346 350 2393 darum
371 2357 474 2396 haud
497 2371 642 2408 paucas
663 2372 795 2396 eruere
816 2359 1004 2397 lectiones
1031 2358 1380 2408 praestantissimas,
1403 2371 1449 2396 ex
1475 2358 1550 2395 alio
1569 2358 1675 2396 nullo

216 2418 353 2456 codice
374 2433 396 2456 a
416 2432 607 2468 quoquam
635 2428 840 2458 annotatas
858 2435 866 2460 :
899 2434 993 2469 quas
1021 2433 1130 2470 paene
1151 2434 1284 2458 omnes
1306 2421 1343 2458 in
1363 2420 1528 2457 Textum
1547 2432 1675 2457 meum

215 2481 358 2529 recepi.
389 2481 504 2518 Haud
528 2494 614 2519 raro
636 2496 792 2531 quoque
814 2482 1061 2531 conjecturas
1083 2495 1185 2520 meas
1201 2483 1251 2520 ab
1272 2495 1319 2520 eo
1339 2480 1573 2526 confirmari,
1596 2494 1676 2519 non

216 2542 295 2580 sine
325 2544 467 2591 gaudio
496 2543 749 2594 deprehendi.
806 2545 962 2582 Possem
991 2545 1067 2590 hic,
1098 2544 1194 2583 tanti
1216 2545 1246 2582 si
1274 2543 1454 2588 facerem,
1475 2542 1566 2580 satis
1584 2556 1675 2593 pro-

215 2605 331 2641 lixum
353 2611 560 2643 contexere
578 2612 693 2654 atque
715 2620 933 2657 proponere
954 2607 1123 2645 indicem
1141 2607 1350 2645 lectionum
1372 2607 1560 2644 bonarum
1574 2618 1595 2643 a
1614 2619 1675 2645 me

215 2666 343 2716 primo
364 2665 401 2704 in
424 2666 576 2716 Lysiam
597 2681 643 2705 ex
665 2668 739 2705 hoc
761 2668 897 2706 codice
918 2668 1211 2707 vindobonensi
1231 2668 1501 2714 immissarum,
1525 2668 1675 2718 longio-

218 2741 296 2765 rem
326 2728 441 2765 etiam
471 2727 558 2772 illis,
590 2728 731 2776 quibus
761 2729 799 2766 in
830 2742 897 2767 sua
925 2730 972 2767 ad
1005 2729 1156 2780 Lysiam
1178 2729 1416 2767 Praefatione
1446 2728 1676 2767 exhibendis

216 2790 361 2840 Taylor
380 2803 486 2827 suam
508 2789 748 2839 diligentiam
771 2781 808 2827 in
830 2791 1074 2829 emendanda
1101 2792 1246 2829 Graeca
1265 2784 1585 2842 Lysiae-oratione
1606 2790 1674 2828 de-

218 2859 466 2890 monstratam
491 2852 645 2901 jactare
675 2852 842 2890 voluisse
872 2853 1035 2890 videtur.
1093 2854 1175 2903 Ego
1206 2866 1296 2891 vero
1326 2853 1416 2890 satis
1446 2852 1577 2898 habui,
1608 2853 1674 2891 ubi

216 2913 386 2951 locorum
411 2914 544 2964 Lysias
564 2927 584 2951 c
604 2912 742 2952 codice
761 2913 1056 2952 Vindobonensi
1077 2928 1099 2950 a
1119 2928 1179 2951 me
1197 2914 1422 2952 emendatus
1440 2920 1553 2961 esset,
1574 2913 1612 2952 id
1634 2914 1672 2951 in

215 2974 400 3024 subjectis
427 2975 740 3014 mmotationibus
771 2976 912 3023 statim,
935 2982 1000 3014 aut
1021 2976 1057 3014 in
1080 2976 1211 3014 libello
1231 2976 1441 3015 lectionum
1463 2989 1550 3015 mox
1571 2976 1671 3014 inse-
