1819 3219
375 184 539 226 ’ΥΠΕΡ
581 182 722 225 ΤΟΥ
773 181 997 224 ΣΗΚΟὙ
1038 182 1391 226 ΑΠΟΛΟΓΙΑ.
1498 177 1608 232 299

146 297 251 350 ’Ἔτι
272 295 407 348 τοινυν
434 296 470 348 εἷ
507 321 591 349 των
617 295 797 348 οἶκετων
837 295 1070 369 1’γι-αξεοτν]
1104 318 1178 364 μοι
1198 294 1326 363 μηδὲν
1353 293 1606 386 φροντιζειν,

82 388 135 421 4ο
154 395 257 429 ’τῦ-ως
295 371 349 421 οἳν
388 369 638 439 ἐτόλμησα,
677 367 889 420 τοσούτων
915 368 1262 437 μεμισθωμένων
1290 391 1366 418 και
1394 368 1606 419 οἱπαντων

154 441 416 505 συνειὲοτων,
437 441 657 507 οἷφανῖσαι
686 466 759 493 τον
784 465 918 503 σηκον
947 438 1145 508 βραχεος
1170 464 1250 508 μεν
1277 438 1487 514 κε’ρὸουςῌ
1463 464 1605 502 ενεκα,

153 518 449 586 προθεσμιας
489 513 536 567 <5⁵
578 513 780 585 ουδεμιοῖς
823 513 950 576 οὔσης
991 513 1054 580 τῷ
1092 511 1285 594 κινδύνῳ,
1328 522 1416 571 τοῖς
1456 512 1606 580 εἴργα-

155 590 327 659 offas'vocg
354 589 507 643 ἅπασι
536 613 587 640 το
602 612 778 675 χωξιον
812 586 966 657 ομοίως
966 587 1211 673 προσῆκον
1238 577 1345 637 εἶναι
1388 588 1498 654 σῷον
1533 610 1606 637 τον
1624 609 1703 645 270

156 686 307 726 σηκον,
335 661 387 715 ἵν’
406 660 449 714 εἴ
465 687 531 721 τις
557 686 718 721 αυτους
736 664 917 732 ‘proila-0,
946 666 1065 726 εἰχον
1084 659 1397 725 Ξοῖνενεγκεΐν”
1378 685 1462 726 οτῳ
1489 683 1605 734 παρ-

156 734 326 788 εδοσαν.
370 760 435 787 νυν
461 734 502 788 δε
528 760 606 788 και
635 733 709 806 ἐμὲ
736 735 1058 793 οἷπολύσαντες
1093 733 1342 797 φαινονται,
1375 757 1452 785 και
1487 737 1609 797 σφοῖς

157 809 336 869 αὐτους,
365 808 484 878 εἴπερ
518 807 771 877 ψευδονται,
815 832 1039 880 μετοχους
1067 832 1148 866 τ’νις
1172 807 1326 866 αἶτιας
1352 808 1609 859 καθισταν-

7 901 97 937 110.
115 900 138 934 1
159 907 247 942 τες.
307 882 361 935 Εἶ
387 908 525 936 τοινυν
559 882 638 935 καὶ
665 882 853 936 3ταυτα
878 904 1305 951 παρεσκευασαμην,
1327 905 1422 940 *πως
1446 881 1502 932 οἷν
1530 906 1611 940 οιος

159 957 201 1008 τ’
235 957 282 1019 ἦν
309 957 489 1016 πάντας
514 968 671 1010 πεῖσαι
698 981 799 1016 τους
832 954 1103 1050 παριόντας,
1141 955 1170 1015 ἢ
1196 978 1296 1013 τους
1317 954 1542 1021 «γείτονας,
1571 980 1608 1006 οι

159 1029 205 1081 ου’
250 1056 375 1100 μονον
418 1031 627 1093 α’λλὴλων
669 1032 801 1083 ταυτ’
842 1029 994 1082 ἴσασιν
1021 1054 1053 1080 α
1088 1052 1229 1081 πασιν
1270 1029 1370 1114 ὂξιᾷν
1417 1027 1609 1094 ἔξεο-τιν,

157 1103 291 1155 α’λλα
326 1128 404 1156 και
446 1129 542 1180 περι
582 1105 635 1156 ὠν
680 1102 1076 1196 α’ποκρυπτομεὲὶα
1113 1100 1279 1173 pendam
1319 1100 1490 1164 εἷὸεναι,
1531 1127 1611 1154 και

158 1200 263 1269 περι
285 1176 449 1229 ἔκεινων
469 1179 796 1237 πυνθανονται;
837 1202 929 1248 εμοι
957 1176 1093 1229 τοίνυν
1123 1174 1284 1228 τούτων
1305 1175 1342 1227 οἷ
1366 1201 1443 1246 μεν
1471 1175 1610 1239 φιλοι,

158 1252 197 1302 οἶ
222 1249 263 1302 δε
290 1249 472 1318 διάφοροι
500 1275 597 1319 περι
627 1276 712 1303 των
750 1252 861 1321 ἔμων
888 1273 1187 1317 τυγχανουσιν
1213 1248 1348 1308 ὄντες.
1392 1248 1462 1308 οὓς
1487 1249 1612 1325 ἐχρῆν

117 1345 141 1379 5
164 1325 349 1376 4Ετουτον
380 1325 727 1399 παρασχεσθαι
747 1349 995 1417 μαρτυξας,
1023 1348 1102 1376 και
1126 1349 1189 1394 μη
1219 1347 1342 1393 μονον
1368 1322 1477 1376 ου’τω
1506 1339 1614 1376 τολ-

157 1422 301 1473 μηξας
342 1423 620 1475 κατηγορίας
659 1401 908 1452 vocem-3065
938 1423 982 1457 Ος
1008 1416 1135 1462 φησιν
1161 1420 1214 1456 ως
1241 1421 1328 1463 Ε’γω
1354 1422 1434 1467 μεν
1459 1421 1615 1474 παρει-

346 1488 540 1529 &tapso-*rimor
559 1489 596 1519 R.
609 1490 646 1519 A.
871 1487 927 1518 “av
947 1487 1062 1526 ἐνεγκεῖν
1075 1487 1110 1516 Τ.
1124 1487 1164 1516 R.
1180 1486 1212 1516 ἒιν
1227 1487 1375 1525 ἀνενεγκεῖν
1390 1486 1431 1517 Α.

466 1530 478 1548 ³
494 1531 610 1565 τούτους
622 1533 658 1562 R.
674 1533 711 1563 A.

158 1589 235 1619 tebat
251 1589 300 1618 hoc
312 1590 410 1620 saltim
422 1600 465 1619 me
475 1592 557 1620 scire.
582 1591 688 1621 Inmu-

202 1631 337 1672 Εἰκότων]
360 1632 428 1673 (Sic
446 1633 678 1672 νυΙς.)οἴκητῶν.
702 1633 868 1663 PALMER.

158 1674 300 1708 Rectius,
329 1675 411 1713 qnod
437 1679 534 1704 tamen
558 1676 656 1705 voluit
672 1676 736 1710 ille,
761 1676 872 1705 οἰκετῶν

158 1727 226 1746 curn
243 1717 321 1746 Scal.
377 1719 426 1746 Ita
439 1717 468 1747 in
486 1719 572 1747 Orat.
591 1719 616 1746 Ι.
636 1718 766 1757 Antiph.
789 1717 828 1748 Οἵ
839 1728 871 1747 τε

158 1761 213 1797 γᾶς
229 1757 452 1794 ἐπιβουλεύοντες
468 1760 660 1799 ἀνεξέλεγκτα
682 1760 713 1790 ἂν
729 1760 833 1794 εἴησαν,
849 1761 872 1790 εἷ

157 1800 228 1840 μήθ’
243 1802 295 1831 {ms
311 1804 366 1832 τῶν
389 1802 634 1842 παραγενομένων,
658 1802 734 1841 μήθ’
750 1803 803 1832 ὑπὸ
818 1805 873 1831 τῶν

157 1844 271 1874 εἰκότων
299 1843 375 1882 ἐξελε
367 1855 511 1884 -.γχοντοιι
571 1845 703 1881 corrige
731 1846 874 1880 obsecro,

159 1886 324 1922 οἰκετῶν,
341 1891 373 1916 ut
394 1888 486 1916 modo
499 1887 643 1917 dixerat:
659 1886 872 1927 Ἐξελεγχόμε-

157 1938 199 1962 νος
221 1927 244 1957 δ’
262 1928 315 1958 ὑπό
330 1940 362 1958 τε
378 1940 433 1958 των
451 1929 562 1959 οἰκετῶν
579 1929 640 1959 ὑωό
655 1940 687 1958 τε
702 1932 756 1959 τῶν
772 1940 873 1968 waga-

158 1971 315 2010 γενομένων.
337 1973 493 2001 TAYLon.

203 2014 353 2055 Παςὲστη]
367 2014 541 2054 Παρεστηκοι
553 2015 622 2045 Ald.
632 2015 709 2045 illud
726 2018 791 2044 erat
801 2024 873 2053 παρ-

161 2056 295 2085 emtam.
317 2058 470 2087 TAYLOR.
516 2058 712 2096 Παρειστῆκει.
734 2057 838 2086 ΟοΝΤ.

206 2099 271 2132 Τοῖς
297 2098 505 2139 εἳξγασμένοις]
529 2101 670 2139 Egregiae
699 2100 776 2128 hanc
806 2109 875 2128 esse

165 2140 342 2169 subtilitatis
370 2142 548 2177 orationem,
579 2143 705 2181 locisque
733 2141 809 2176 suis,
842 2147 877 2171 nt

165 2181 261 2217 aiunt,
278 2183 355 2212 bene
368 2183 543 2212 instructam
560 2194 616 2213 non
633 2194 723 2223 nego.
769 2184 875 2222 lisque

165 2224 288 2253 iudiciis
326 2225 423 2254 fretus
452 2226 556 2263 Lysiae
585 2226 656 2255 olim
689 2226 878 2264 adjudicavit

166 2267 308 2295 Photius.
355 2268 414 2296 Sed
433 2267 510 2301 haec,
525 2267 549 2295 si
567 2277 638 2297 sana
653 2268 724 2303 sint,
742 2268 793 2296 vel
810 2268 877 2296 nul-

166 2308 225 2338 lam
240 2309 361 2338 omnino
387 2309 584 2338 subtilitatem
607 2310 728 2343 babent,
745 2310 795 2339 vel
812 2315 877 2339 tan-

167 2354 241 2386 tam,
267 2356 302 2380 ut
327 2351 450 2390 assequi
476 2362 535 2381 non
567 2352 696 2390 possim.
719 2352 876 2382 TAYLOR.

167 2395 295 2423 Frustra
310 2394 449 2432 queritur
463 2394 577 2432 Taylor
593 2395 631 2423 de
647 2395 736 2433 hujus
750 2394 809 2423 loci
826 2395 880 2423 ob—

170 2436 329 2471 scuritate,
359 2447 412 2465 sen
444 2436 614 2465 subtilitate
645 2437 751 2465 nimia.
777 2436 881 2475 προθε-

169 2477 262 2517 σμίας
277 2478 410 2518 οὐδεμιᾶς
425 2478 468 2517 τῷ
481 2478 590 2517 κινδύνῳ
613 2479 704 2513 οὔσης,
720 2479 866 2517 significat

170 2567 281 2599 tntum,
310 2574 368 2602 quo
386 2568 539 2593 transacto
556 2564 634 2593 liber
649 2564 752 2593 fierem
768 2574 786 2593 a
799 2568 880 2593 metu

170 2605 236 2634 litis
263 2607 301 2635 ab
325 2607 555 2635 accusatoribus
585 2606 658 2636 mihi
685 2606 881 2636 intentandae.

173 2649 368 2687 praescriptio
386 2649 460 2678 certi
477 2649 595 2678 numeri
613 2659 757 2678 annorum
780 2650 835 2678 hoc
852 2650 882 2678 in

177 2690 466 2720 delictolocumnon
480 2692 621 2721 babebat.
630 2692 770 2730 Semper,
783 2692 882 2730 quoad

1045 1531 1057 1548 ⁴
1070 1529 1175 1560 τούτων
1190 1530 1227 1560 Τ.
1240 1530 1282 1559 R.
1298 1530 1336 1559 A.

905 1592 1042 1626 deretur,
1059 1589 1140 1629 quia,
1158 1592 1269 1619 exacto
1285 1588 1446 1619 locationis
1464 1593 1615 1628 tempore,

905 1633 1035 1663 reddere
1051 1633 1175 1662 totidem
1188 1633 1312 1662 arbores
1329 1632 1466 1667 deberet,
1477 1636 1552 1671 quot
1567 1642 1617 1661 ac-

906 1675 1052 1714 cepisset.
1077 1675 1197 1704 Rmsx.

950 1717 1098 1757 Ἐνεγκεῖν]
1125 1718 1212 1746 Bene
1239 1720 1343 1755 potest
1367 1717 1492 1752 habere,
1518 1727 1617 1755 neque

906 1760 993 1790 litem
1010 1761 1038 1789 ei
1053 1761 1193 1789 movebo.
1212 1757 1326 1798 ἐνεγκεῖν
1342 1759 1486 1799 (subaudi
1502 1758 1615 1799 τοῦτον)

897 1801 996 1843 ferre,
1013 1804 1042 1832 h.
1060 1813 1087 1831 e.
1113 1802 1259 1832 exhibere
1284 1807 1478 1840 praesentem,
1504 1802 1618 1840 produ-

909 1855 978 1875 cere
1002 1845 1032 1874 in
1053 1845 1184 1883 judicio.
1231 1844 1336 1873 Solent
1359 1850 1458 1873 tamen
1483 1848 1620 1873 oratores

908 1888 1017 1923 Attici,
1048 1888 1074 1916 si
1098 1888 1175 1916 bene
1198 1886 1333 1921 memini,
1358 1886 1507 1924 ejusmodi
1535 1887 1565 1915 in
1590 1897 1624 1916 re

908 1930 1056 1968 ἀνενεγκεῖν
1081 1939 1240 1968 usurpare,
1265 1928 1378 1969 referre
1392 1929 1496 1968 τούτῳ,
1511 1929 1542 1958 id
1565 1933 1625 1964 est,

910 1974 950 2006 εἰς
964 1974 1074 2007 τοῦτον,
1089 1973 1127 2001 acl
1143 1982 1220 2006 eum,
1238 1971 1267 2000 ei
1290 1973 1454 2010 imputare.
1480 1976 1510 2001 et
1533 1982 1624 2010 quam

909 2015 997 2045 facile
1010 2015 1076 2044 fieri
1087 2015 1233 2054 potnerit,
1250 2019 1282 2043 ut
1292 2015 1325 2043 ἀν
1338 2014 1528 2044 omitteretur
1543 2025 1560 2043 a
1572 2025 1624 2043 su-

909 2058 983 2097 pino
997 2058 1119 2087 librario
1136 2058 1163 2087 in
1175 2067 1321 2086 concursu
1335 2067 1403 2086 cum
1419 2056 1451 2086 ἃν
1463 2056 1624 2095 particula,

913 2104 1023 2139 sponte
1041 2111 1095 2129 sua
1111 2100 1238 2138 quisque
1253 2099 1409 2138 intelligit.
1433 2100 1537 2128 IDEM.

954 2141 1088 2183 Τούτους]
1114 2143 1165 2171 Sic
1181 2142 1255 2171 dedi
1281 2142 1320 2170 de
1335 2152 1415 2177 meo,
1442 2153 1497 2181 pro
1514 2142 1624 2176 ταῦτα,

912 2185 994 2224 quod
1026 2189 1073 2213 est
1097 2185 1127 2213 in
1159 2184 1292 2222 vulgatis
1317 2184 1469 2213 omnibns.
1514 2184 1545 2213 Si
1570 2185 1625 2213 hos

912 2237 1034 2265 quoqne
1047 2226 1132 2255 fundi
1148 2227 1207 2256 mei
1222 2226 1425 2256 conductores
1447 2226 1536 2256 malis
1552 2227 1625 2256 arti-

912 2271 970 2298 bus
995 2269 1174 2298 conciliatos
1201 2268 1439 2307 permovissem,
1470 2273 1501 2298 nt
1528 2279 1626 2298 meam

913 2312 942 2346 in
968 2311 1093 2350 gratiam
1111 2310 1322 2345 mentirentur,
1348 2316 1401 2340 aut
1426 2311 1526 2341 saltim
1542 2316 1626 2341 tace-

914 2358 982 2382 rent
1006 2353 1185 2391 facinusque
1210 2363 1309 2382 meum
1335 2354 1480 2383 celarent.
1504 2355 1626 2384 Rmsx.

915 2395 1080 2425 Reiskinm
1096 2405 1183 2433 paene
1199 2395 1350 2426 exscribit
1374 2396 1530 2434 AugernS.

957 2437 1066 2468 Μηδένα
1084 2437 1195 2477 εἰδέναι]
1219 2437 1349 2467 Contins
1366 2444 1435 2468 ante
1450 2438 1558 2477 μηδένα.
1576 2439 1628 2469 dat

872 2502 879 2515 ,
915 2481 995 2515 ὥςτε,
1009 2482 1090 2518 quod
1108 2484 1212 2519 potest
1228 2481 1397 2511 subaudiri.
1422 2484 1562 2512 Auem.

170 2531 239 2550 cum
264 2521 379 2550 nullum
402 2526 481 2550 essct
507 2526 628 2559 tempus
653 2532 669 2550 a
685 2522 804 2560 legibus
820 2526 881 2550 sta·
901 2528 904 2529 ⁷

957 2523 1022 2563 Περὶ
1051 2525 1107 2552 τῶν
1137 2521 1228 2564 ἐμῶν]
1253 2524 1300 2552 De
1324 2525 1392 2562 jure
1420 2524 1629 2562 possessionis

914 2566 1063 2595 bonorum
1078 2575 1214 2595 meorum
1231 2576 1349 2595 mecum
1371 2567 1558 2596 contendunt
1578 2566 1629 2595 alii

916 2608 975 2637 alia
996 2607 1055 2637 sibi
1081 2613 1271 2646 arrogantes,
1298 2614 1328 2638 et
1353 2609 1427 2638 mihi
1444 2609 1562 2648 eripere
1578 2619 1632 2637 co·

916 2655 1034 2680 n.antes
1056 2651 1175 2680 Rmsiz.

960 2693 1088 2733 Τούτων]
1112 2694 1226 2723 Eorum
1256 2694 1342 2732 puta,
1374 2703 1442 2732 quae
1472 2699 1631 2724 accusator

174 2731 346 2762 viveremus
386 2734 460 2762 mibi
481 2734 616 2773 meisque
639 2735 803 2764 heredibus
819 2739 884 2763 erat
913 2737 1022 2775 jactat,
1037 2741 1068 2765 et
1083 2746 1211 2775 quorum
1228 2747 1276 2766 me
1289 2736 1455 2766 insimulat
1478 2737 1584 2765 IDEM.

173 2756 379 2811 metuendum,
394 2786 431 2805 ne
445 2777 611 2806 exsisteret
625 2777 746 2815 aliquis,
763 2777 814 2816 qui
830 2787 883 2806 no-

175 2815 256 2844 mina
270 2822 372 2847 nostra
397 2819 436 2847 ad
456 2819 592 2857 judicem
608 2820 754 2849 deferret.
797 2821 886 2849 Inse-

177 2858 365 2896 quentiahoc
378 2861 494 2891 volunt:
511 2861 757 2901 Uninscujusque
770 2872 886 2899 eorum,

177 2900 229 2938 qui
245 2910 348 2939 agrum
369 2912 387 2931 a
400 2912 449 2931 me
472 2905 632 2934 colendum
657 2905 886 2941 conduxissent,

178 2942 339 2979 intererat,
364 2949 398 2975 nt
417 2947 606 2985 provideret,
619 2957 656 2977 ne
667 2947 751 2983 σηκὸς
766 2948 887 2979 exscin-

954 2777 1024 2819 ⁰O‹;]
1051 2779 1195 2808 Refertur
1211 2779 1248 2808 ad
1265 2778 1411 2808 omissum
1438 2776 1484 2806 τὸν
1510 2778 1632 2816 κατήγο-

919 2833 970 2861 ξον,
986 2822 1066 2861 qnod
1085 2832 1164 2860 pone
1188 2820 1329 2851 ποιεισθαι
1347 2830 1362 2848 a
1377 2820 1492 2850 lectore
1512 2831 1633 2860 quoqne

919 2865 1013 2894 tacita
1030 2864 1215 2904 cogitatione
1233 2863 1343 2901 subjici
1358 2862 1461 2892 dehet.
1489 2865 1635 2901 oportebat

921 2913 1115 2937 accusatorem
1139 2916 1260 2936 sumum
1288 2906 1526 2935 criminationum
1556 2912 1636 2937 testes

920 2950 1002 2980 edere
1018 2967 1060 2973 -
1075 2950 1125 2989 qui
1139 2953 1295 2978 accusator
1309 2965 1361 2977 -.
1388 2948 1491 2980 IDEM.
