1839 3229
217 178 271 219 34
746 165 955 220 'LYSIAE
984 175 1143 218 vrrA.

215 283 282 334 qui
303 284 476 323 Athenas
493 286 756 337 commigravit
778 285 856 323 sive
878 284 1053 330 Periclis,
1075 283 1188 333 cujus
1219 280 1389 331 hospitio
1416 285 1456 318 et
1474 278 1672 318 familiari-

214 352 292 384 tate
323 347 517 394 utebatur,
540 362 669 394 suasu,
692 355 732 386 ut
752 354 889 386 auctor
909 350 967 386 est
987 345 1120 397 Lysias
1140 344 1178 382 in
1209 342 1382 381 oratione
1411 346 1548 380 contra
1573 340 1674 379 Era-

214 406 436 454 tosthenem,
453 410 533 447 sive
553 410 692 448 civium
709 408 864 459 injuria,
894 421 981 446 cum
1000 405 1167 445 adversis
1184 403 1296 455 Reip.
1313 403 1554 454 temporibus
1569 402 1674 440 Gelo

217 470 495 521 Syracusarum
518 472 721 521 imperium
742 469 968 520 capessivit.
1024 469 1063 506 Is
1084 473 1142 505 est
1171 466 1384 517 CephaluS‚
1417 464 1523 515 apud
1555 476 1673 514 quem

215 530 320 568 domi
341 531 585 569 habebantur
603 545 623 569 a
646 533 804 570 Socrate
825 530 1057 568 immortales
1078 528 1140 566 isti
1158 540 1350 566 sermones
1371 525 1420 564 de
1442 525 1672 576 Republica,

216 606 316 643 quos
333 593 444 630 Plato
464 593 584 631 literis
607 593 830 632 mandavit:
855 591 919 629 ubi
940 591 989 629 de
1010 589 1176 628 hominis
1196 594 1325 634 aetate,
1346 587 1481 638 gratia,
1504 587 1674 625 moribus

217 661 257 693 et
283 655 480 705 opulentia
503 655 594 694 satis
615 655 734 693 multa
762 659 1036 692 memorantur.

214 717 350 758 πόντος
371 724 499 762 ταῦτα,
520 716 752 767 βουλόμενος
772 716 825 754 ’ἐτι
843 717 970 764 λέγειν
990 715 1115 762 αὑτὸν,
1144 715 1300 753 ἐκίνουν·
1331 714 1389 751 καὶ
1410 711 1527 758 εἶπον,
1548 709 1577 750 ὦ
1603 714 1675 750 Κέ-

1093 653 1172 691 Καὶ
1190 653 1263 701 ἐγὼ
1282 649 1470 700 ἀγασθεὶς
1490 652 1604 688 αὑτοῦ
1621 652 1675 688 εἷα

216 781 324 828 φαλε,
347 778 452 831 οἶμαί
473 796 540 818 σου
568 780 651 821 τοὺς
683 777 861 824 πολλοὺς,
888 777 979 815 ὅταν
1005 783 1122 815 ταῦτα
1145 778 1275 832 λέγῃς,
1307 778 1371 813 οὐκ
1402 774 1675 826 ἀποδέχεσθαι,

216 841 301 876 ἀλλ’
327 843 502 890 ἡγεῖσθαί
528 857 569 880 σε
586 840 725 893 ῥᾳδίως
742 840 781 878 τὸ
801 848 921 891 γῆρας
941 840 1073 890 φέρειν,
1091 840 1133 876 οὗ
1159 838 1217 875 διὰ
1234 839 1299 876 τὸν
1318 839 1467 888 τρόπον,
1493 838 1596 875 α’λλὰ
1615 836 1677 878 διὰ

215 900 255 938 τι)
282 905 428 948 πολλὴν
454 905 585 942 οὒσίαν
616 902 1016 952 κεκτῆσθαι.-μέσος
1043 902 1097 943 τὶς
1125 899 1269 950 (inquit
1298 898 1513 949 Cephalus)
1531 902 1679 948 γέγονα

216 967 473 1014 χρηματιστὴς
493 973 558 1002 τοῦ
578 980 616 1002 τε
635 964 791 1001 πάππου
811 965 871 1000 καὶ
893 967 956 1001 τοῦ
985 963 1138 1013 πατρός·
1161 962 1179 997 ὁ
1199 959 1267 1011 μὲν
1288 962 1362 1009 γάρ
1381 959 1537 1003 πάππος
1557 977 1594 999 τε
1617 962 1679 999 καὶ

218 1024 412 1077 ὁμώνυμος
432 1027 525 1078 ἐμοὶ,
543 1025 678 1077 σχεδόν
697 1042 731 1063 τι
760 1025 851 1072 ὅσην
877 1026 951 1074 ἐγὼ
973 1033 1040 1062 νῦν
1067 1023 1198 1061 οὐσίαν
1225 1023 1398 1072 κέκτημαι
1424 1021 1678 1074 παραλαβὼν,

218 1088 402 1131 πολλάκις
424 1088 607 1134 τοσαύτην
631 1087 793 1134 ἐποίησε·
815 1087 1018 1129 Λυσανίας
1039 1084 1075 1123 δὲ
1106 1087 1124 1122 ὁ
1153 1085 1273 1135 πατὴρ
1300 1081 1355 1123 ἔτι.
1384 1083 1528 1122 ἐλάττω
1563 1086 1680 1130 αὒτὴν

219 1147 368 1195 ἐποίησε
392 1159 457 1196 τῆς
483 1154 549 1187 νῦν
568 1148 694 1196 οὔσης·
723 1149 798 1198 ἐγὼ
827 1148 863 1186 δὲ
889 1150 1026 1196 α’γαπῶ
1045 1148 1114 1187 {dv
1132 1149 1182 1198 μὴ
1202 1146 1345 1184 ἐλάττω
1375 1149 1570 1184 καταλίπω
1595 1164 1679 1186 του·

218 1211 349 1256 τοισὶν,
377 1213 482 1249 οἰλλίί
511 1210 652 1262 βραχεῖ
684 1214 727 1260 γέ
756 1228 827 1248 τινι
856 1213 972 1248 πλείω
998 1211 1018 1255 ἢ
1048 1207 1313 1258 παρείλαβον.διε
1364 1198 1516 1258 'Neque
1533 1209 1679 1248 bonum

221 1285 349 1310 senem
370 1273 505 1311 fefellit
527 1273 691 1312 fortasse
721 1279 787 1311 aut
808 1285 899 1310 cura
927 1278 992 1309 aut
1022 1271 1240 1322 augurium.
1297 1270 1399 1308 Nam
1419 1269 1458 1307 in
1479 1271 1680 1311 vexatione

223 1333 505 1383 Inquilinorum
527 1335 599 1373 sub
622 1334 867 1382 XXX-viris,
889 1333 955 1372 ubi
975 1334 1013 1371 in
1034 1333 1266 1371 ditissimum
1287 1344 1482 1383 quemque
1501 1334 1678 1373 saevitum

221 1401 281 1432 est
319 1397 499 1446 maxime,
533 1397 666 1448 Lysias
704 1410 794 1434 cum
827 1395 944 1433 fratre
976 1394 1230 1433 Polemarcho
1270 1396 1415 1445 primus
1447 1395 1681 1435 avarissimae

224 1455 333 1494 istius
354 1457 635 1507 conjurationis
655 1457 929 1497 crudelitatem
951 1462 1011 1494 est
1031 1461 1226 1507 expertus.

279 1518 439 1570 Olymp.
465 1521 695 1566 LXXXIV,
720 1524 754 1558 1.
777 1533 864 1557 cum
891 1517 1149 1556 Athenienses
1178 1517 1369 1556 coloniam
1391 1517 1557 1569 Sybarin
1583 1519 1625 1570 (i.
1646 1534 1683 1560 e.

225 1579 409 1629 Thurios)
431 1581 701 1620 deducendam
729 1586 978 1626 censuerunt,
1011 1579 1145 1630 Lysias
1176 1579 1266 1616 XV.
1293 1592 1414 1617 annos
1449 1585 1560 1618 natus
1591 1594 1681 1620 cum

225 1640 480 1680 Polemarcho
498 1642 615 1680 fratre
638 1649 728 1680 natu
749 1642 928 1687 maximo,
943 1640 1059 1689 juxta
1082 1639 1262 1677 Photium
1285 1645 1323 1678 et
1343 1640 1608 1689 Plutarchum,
1622 1643 1684 1681 vel

228 1717 301 1741 nna
319 1717 405 1742 cum
428 1704 582 1743 duobus
599 1703 908 1753 fratribusjuxta
928 1701 1159 1752 Dionysium
1174 1700 1261 1751 (qui
1280 1707 1389 1738 erant
1408 1701 1683 1742 Polemarchus

226 1772 264 1802 et
281 1766 590 1817 Euthydemus)†
613 1766 758 1804 colonis
789 1779 827 1803 se
861 1763 1053 1814 adjunxit,
1082 1762 1306 1800 hereditatis
1338 1761 1529 1800 adeundae
1547 1764 1684 1814 gratia.

227 1829 398 1879 Sybaris,
422 1832 512 1868 urbs
544 1830 661 1867 ubere
693 1829 820 1880 gleba,
852 1834 891 1866 et
917 1823 1084 1875 civiumss
1109 1825 1266 1862 mollitie
1296 1825 1343 1862 ad
1373 1824 1567 1875 proverbii
1586 1826 1683 1866 infa—

227 1948 303 1977 mes,
328 1953 433 1973 verum
466 1942 555 1972 etiam
581 1942 747 1981 Cephalum
777 1941 878 1979 Lysiae
903 1940 939 1969 P.

227 1985 377 2015 Thurium
395 1986 540 2025 appellat,
561 1990 591 2014 et
608 1985 748 2014 Oratoris
765 1985 806 2013 N.
823 1994 872 2013 res
888 1993 938 2021 ge-

228 2034 290 2058 stas
316 2028 346 2058 in
372 2029 566 2058 debellandis
586 2028 702 2058 XXX.
722 2027 857 2066 tyrannis
880 2027 939 2056 Ce-

227 2072 316 2112 phalo
333 2072 479 2111 assignat.

272 2116 289 2133 *³
309 2116 384 2144 Plat.
402 2115 441 2144 de
458 2116 538 2154 Rep.
555 2115 575 2144 l.
598 2119 626 2145 1.
657 2113 774 2143 Eadem
797 2123 874 2152 pene
901 2113 940 2142 de

229 2158 357 2198 Cephali
373 2158 491 2188 divitiis
507 2159 597 2188 habet
612 2159 752 2191 Tzetzes,
773 2155 868 2186 sutilis
885 2155 939 2185 ille

228 2206 336 2231 auctor
351 2205 382 2230 et
398 2212 515 2236 recenS,
533 2211 637 2231 verum
659 2204 813 2230 mutuatus
833 2198 939 2237 procul

229 2245 322 2274 dubio
339 2256 356 2274 a
372 2245 456 2274 bonae
477 2244 547 2274 fidei
575 2244 790 2282 scriptoribus,
816 2241 939 2281 ’πλούτῳ

229 2290 323 2328 κομῶν
335 2287 383 2317 καὶ
396 2287 510 2325 εὐγενής.
541 2287 673 2317 Chiliad.
686 2287 725 2315 V.
743 2288 794 2317 34.
826 2285 893 2315 Cic.
908 2288 939 2315 4.

231 2331 268 2360 ad
284 2331 379 2360 Attio.
397 2332 447 2360 15.
471 2335 479 2348 ‘
493 2331 567 2360 Feci
591 2330 685 2366 idem,
707 2329 788 2369 quod
805 2328 835 2358 in
852 2334 938 2358 ωολι-

230 2371 292 2413 τείᾳ
309 2374 394 2402 Deus
410 2373 462 2403 ille
479 2379 583 2404 noster
599 2374 699 2403 Plato.
746 2373 823 2402 Cum
840 2371 870 2401 in
889 2371 939 2400 Pi-

230 2426 324 2445 raeum
341 2417 484 2446 Socrates
507 2417 643 2446 venisset
657 2417 693 2446 ad
711 2414 878 2454 Cephalum
893 2413 939 2444 lo-

231 2459 381 2499 cupletem
400 2465 431 2488 et
445 2459 595 2489 festivum
619 2470 734 2494 senem,
750 2458 852 2498 quoad
875 2456 940 2496 pri-

231 2513 298 2532 mus
312 2502 362 2531 ille
378 2512 477 2532 sermo
495 2503 667 2537 haberetur,
681 2503 768 2531 adest
785 2502 814 2530 in
831 2500 939 2540 dispu-

232 2546 324 2575 tando
350 2555 464 2574 senex:
489 2545 600 2575 deinde
628 2555 698 2575 cum
722 2545 791 2583 ipse
820 2554 940 2583 quoque

231 2588 611 2618 commodissimelocutus
626 2592 719 2622 esset,
731 2589 767 2617 ad
781 2597 844 2616 rem
861 2587 940 2616 divi-

233 2642 299 2661 nam
309 2631 385 2661 dicii
399 2642 432 2660 se
445 2631 522 2660 velle
536 2631 710 2664 discedere,
721 2640 819 2669 neque
832 2634 941 2669 postea

234 2675 410 2704 revertitur.
453 2674 554 2703 Credo
572 2674 729 2703 Platonem
745 2673 798 2702 vix
815 2677 941 2711 putasse

234 2718 309 2748 satis
323 2727 488 2747 consonum
502 2717 579 2752 fore,
590 2717 616 2746 si
627 2716 778 2745 hominem
794 2716 825 2745 id
841 2715 940 2744 aetatis

234 2761 263 2790 in
277 2767 335 2790 tam
352 2761 442 2800 longo
459 2770 597 2789 sermone
613 2759 728 2789 diutius
743 2757 941 2787 retinuisset?

235 2805 316 2833 Dum
343 2805 407 2833 haec
430 2802 667 2837 commentabar,
692 2806 722 2830 et
748 2801 787 2830 de
811 2800 941 2830 Periclis

234 2846 326 2877 etiam
354 2846 484 2876 fortunis
511 2845 718 2875 inaudiveram
744 2843 886 2884 (πλούτου
913 2843 941 2872 δὲ

234 2890 281 2918 καὶ
304 2888 394 2928 γένους
417 2888 564 2929 προσόντος
586 2887 664 2927 αὐτῷ’
686 2888 834 2927 λαμπροῦ.
872 2885 942 2915 Plu-

236 2933 331 2962 tarch.
348 2933 377 2962 in
398 2932 531 2962 Pericle.
568 2931 715 2971 Περικλῆς,
732 2931 794 2969 &vag
812 2927 881 2967 γένει
896 2927 943 2957 καὶ

235 2974 362 3014 πλούτῳ,
385 2974 451 3014 πξός
473 2974 501 3005 δὲ
521 2973 631 3009 τούτοις
655 2972 788 3004 δεινότητι
812 2971 944 3010 λόγου-

235 3016 370 3059 προέχων.
402 3018 495 3048 Diod.
516 3017 593 3058 Sic.)
615 3016 742 3053 nescivi,
766 3025 826 3055 quo
853 3019 942 3054 paeto

973 1939 1151 1978 accipienda
1167 1944 1251 1968 erant
1274 1940 1366 1969 verba.
1380 1938 1684 1970 Pseudo-Plutarchi

972 1984 1012 2012 de
1029 1983 1132 2022 Lysia,
1153 1993 1220 2021 quae
1243 1992 1310 2011 cum
1328 1982 1488 2011 solertiore
1503 1982 1621 2012 lectore
1637 1994 1686 2014 re·

973 2026 1118 2064 linquam.
1141 2023 1247 2058 Λυσίας
1256 2024 1310 2058 υἱός
1319 2023 1349 2055 ἦν
1364 2025 1494 2064 Κεφάλου
1503 2042 1543 2047 -
1552 2035 1683 2065 μετανα-

973 2070 1095 2101 στάντος
1115 2068 1153 2102 εἰς
1164 2067 1278 2102 Ἀθήνας
1298 2066 1438 2108 ἐπιθυμίᾳ
1450 2078 1483 2097 τε
1498 2069 1549 2101 τῆς
1565 2067 1685 2105 πόλεως,

973 2112 1022 2141 καὶ
1037 2110 1198 2153 Περικλέους
1212 2112 1262 2141 τοῦ
1279 2111 1448 2141 Ξανθίππου
1469 2110 1618 2145 πείσαντος
1633 2111 1683 2141 αὖ·

973 2153 1019 2184 τὸν
1038 2154 1116 2194 φίλον
1138 2153 1204 2184 ὄντα
1226 2153 1273 2182 καὶ
1296 2152 1376 2193 ξένον,
1392 2152 1535 2192 πλούτῳ
1563 2152 1683 2193 διαιφὲ-

973 2209 1042 2237 ςων.
1087 2197 1190 2234 Quid?
1214 2207 1290 2226 anne
1306 2197 1444 2226 dicemus
1458 2195 1541 2226 αὐτὸν
1561 2195 1684 2236 διαφέ-

973 2241 1094 2281 ροντα.)
1106 2250 1142 2270 an
1153 2238 1316 2280 Περικλέους
1330 2239 1570 2280 διαφέροντοςῖ
1585 2250 1621 2269 an
1630 2241 1685 2270 de-

973 2284 1065 2323 nique
1080 2289 1296 2313 contrectemus
1312 2293 1380 2312 cum
1397 2282 1495 2318 initio,
1511 2283 1618 2316 Λυσίας
1628 2282 1685 2317 υἱὸς

974 2325 1279 2366 Κεφάλου-πλούτῳ
1301 2324 1454 2367 διαφέρων.)
1500 2326 1548 2354 Ita
1562 2336 1683 2364 semper

975 2370 1038 2400 fere
1054 2370 1197 2400 accidere
1212 2370 1303 2405 solet,
1321 2374 1354 2398 ut
1375 2368 1551 2398 istiusmodi
1567 2368 1682 2399 sorices

973 2424 1032 2443 non
1057 2414 1155 2443 solnm
1178 2409 1368 2452 ἀνιστοςησίᾳ,
1383 2421 1491 2441 verum
1516 2410 1607 2442 etiam
1629 2412 1684 2441 ali-

974 2456 1095 2495 quando
1110 2455 1284 2494 indiligenti
1300 2453 1447 2490 oratione,
1462 2458 1553 2493 atque
1569 2464 1686 2485 sermo-

975 2500 1021 2529 nis
1036 2497 1223 2538 ἀνοικολουθίᾳ
1238 2498 1356 2536 seipsos
1371 2498 1547 2536 proderent.

1019 2545 1033 2574 †
1055 2543 1101 2577 Εἲς
1127 2540 1250 2581 Θουξίους
1269 2538 1363 2571 πλέων
1383 2541 1433 2571 σὺν
1456 2540 1588 2581 ἀδελφοῖς
1611 2537 1685 2570 δυσί.

976 2586 1107 2624 Dionys.
1124 2585 1229 2616 Halic.
1274 2584 1388 2613 Eorum
1412 2583 1535 2614 nomina
1557 2592 1685 2613 conser-

976 2629 1061 2660 vavit
1076 2629 1164 2658 Plato
1179 2628 1200 2657 1.
1218 2636 1245 2656 c.
1264 2626 1478 2656 Polemarchus
1497 2630 1567 2656 natu
1583 2626 1686 2655 maxi-

975 2682 1054 2706 muS,
1067 2678 1098 2701 et
1114 2670 1323 2708 Euthydemus
1339 2669 1427 2704 alter,
1443 2679 1501 2698 non
1511 2668 1619 2703 Εὔδιδος
1633 2670 1685 2700 aut

976 2714 1105 2753 Εὕδιμος,
1128 2718 1162 2743 ut
1184 2712 1295 2741 habent.
1318 2712 1417 2741 Codd.
1442 2711 1608 2746 Plutarchi,
1633 2714 1690 2741 aut-

976 2756 1112 2796 Εὕδημος,
1127 2760 1161 2785 ut
1181 2755 1312 2793 conjecit
1329 2755 1501 2794 Xylander.
1545 2753 1685 2783 Tertium

976 2799 1080 2837 igitur,
1104 2798 1316 2836 Brachyllum‚
1344 2807 1382 2827 ex
1409 2798 1477 2827 eod.
1503 2796 1684 2832 Plutarcho,

976 2851 1034 2871 non
1057 2841 1172 2876 habuit,
1189 2840 1215 2869 si
1238 2849 1297 2879 qua
1312 2840 1388 2869 fides
1404 2839 1435 2869 in
1454 2839 1599 2878 Dionysii
1616 2849 1688 2869 ver-

975 2885 1034 2914 bis.
1072 2886 1142 2923 Quo
1157 2889 1256 2913 tamen
1272 2892 1374 2912 errore
1390 2882 1501 2912 ductus
1516 2883 1593 2912 hune
1610 2893 1688 2921 quo·

976 2937 1035 2966 que
1050 2927 1172 2956 fratrem
1188 2925 1302 2964 adjecit
1314 2925 1498 2956 Plutarchus
1512 2925 1644 2955 fortasse
1656 2924 1688 2954 in

977 2969 1176 3008 sequentibus
1192 2968 1403 3008 expediemus.

1020 3017 1034 3051 ss
1052 3013 1145 3043 Plura
1158 3013 1319 3044 Athenaeus
1332 3012 1353 3041 1.
1366 3016 1417 3044 132.
1429 3011 1479 3042 ubi
1495 3009 1688 3042 incredibilia
