<?xml version="1.0" encoding="UTF-8"?>
<!DOCTYPE html PUBLIC "-//W3C//DTD XHTML 1.0 Transitional//EN"
    "http://www.w3.org/TR/xhtml1/DTD/xhtml1-transitional.dtd">
<html xmlns="http://www.w3.org/1999/xhtml" xml:lang="en" lang="en">
 <head>
  <title>
</title>
<meta http-equiv="Content-Type" content="text/html;charset=utf-8" />
  <meta name='ocr-system' content='tesseract 3.04.00' />
  <meta name='ocr-capabilities' content='ocr_page ocr_carea ocr_par ocr_line ocrx_word'/>
</head>
<body>
  <div class='ocr_page' id='page_1' title='image "./oratoresatticie02dobs/oratoresatticie02dobs_0034.png"; bbox 0 0 1819 3219; ppageno 0'>
   <div class='ocr_carea' id='block_1_1' title="bbox 235 175 335 215">
    <p class='ocr_par' dir='ltr' id='par_1_1' title="bbox 235 175 335 215">
     <span class='ocr_line' id='line_1_1' title="bbox 235 175 335 215; baseline -0.01 0"><span class='ocrx_word' id='word_1_1' title='bbox 235 175 335 215; x_wconf 74' lang='lat' dir='ltr'>xxiv</span> 
     </span>
    </p>
   </div>
   <div class='ocr_carea' id='block_1_2' title="bbox 226 288 963 2986">
    <p class='ocr_par' dir='ltr' id='par_1_2' title="bbox 232 288 958 457">
     <span class='ocr_line' id='line_1_2' title="bbox 233 288 958 328; baseline -0.001 -10"><span class='ocrx_word' id='word_1_2' title='bbox 233 290 312 318; x_wconf 83' lang='lat' dir='ltr'>male</span> <span class='ocrx_word' id='word_1_3' title='bbox 328 289 367 318; x_wconf 88' lang='lat' dir='ltr'>de</span> <span class='ocrx_word' id='word_1_4' title='bbox 389 300 421 319; x_wconf 86' lang='lat' dir='ltr'>se</span> <span class='ocrx_word' id='word_1_5' title='bbox 434 288 598 328; x_wconf 84' lang='lat' dir='ltr'>judicavit,</span> <span class='ocrx_word' id='word_1_6' title='bbox 614 290 665 327; x_wconf 91' lang='lat' dir='ltr'>qui</span> <span class='ocrx_word' id='word_1_7' title='bbox 685 293 774 319; x_wconf 85' lang='lat' dir='ltr'>tenue</span> <span class='ocrx_word' id='word_1_8' title='bbox 793 299 889 327; x_wconf 87' lang='lat' dir='ltr'>genus</span> <span class='ocrx_word' id='word_1_9' title='bbox 910 299 958 318; x_wconf 83' lang='lat' dir='ltr'>se-</span> 
     </span>
     <span class='ocr_line' id='line_1_3' title="bbox 233 331 958 371; baseline -0.003 -10"><span class='ocrx_word' id='word_1_10' title='bbox 233 337 389 370; x_wconf 82' lang='lat' dir='ltr'>queretur,</span> <span class='ocrx_word' id='word_1_11' title='bbox 411 343 502 371; x_wconf 87' lang='lat' dir='ltr'>quum</span> <span class='ocrx_word' id='word_1_12' title='bbox 528 333 652 371; x_wconf 85' lang='lat' dir='ltr'>grandis</span> <span class='ocrx_word' id='word_1_13' title='bbox 675 336 706 361; x_wconf 84' lang='lat' dir='ltr'>et</span> <span class='ocrx_word' id='word_1_14' title='bbox 722 331 867 370; x_wconf 86' lang='lat' dir='ltr'>copiosus</span> <span class='ocrx_word' id='word_1_15' title='bbox 890 341 958 363; x_wconf 78' lang='lat' dir='ltr'>esse</span> 
     </span>
     <span class='ocr_line' id='line_1_4' title="bbox 232 374 958 415; baseline -0.003 -11"><span class='ocrx_word' id='word_1_16' title='bbox 232 381 351 415; x_wconf 82' lang='lat' dir='ltr'>posset.</span> <span class='ocrx_word' id='word_1_17' title='bbox 388 376 493 405; x_wconf 78' lang='lat' dir='ltr'>Pauca</span> <span class='ocrx_word' id='word_1_18' title='bbox 516 380 598 410; x_wconf 88' lang='lat' dir='ltr'>suut,</span> <span class='ocrx_word' id='word_1_19' title='bbox 618 385 687 414; x_wconf 84' lang='lat' dir='ltr'>quae</span> <span class='ocrx_word' id='word_1_20' title='bbox 713 374 837 413; x_wconf 84' lang='lat' dir='ltr'>quidem</span> <span class='ocrx_word' id='word_1_21' title='bbox 859 375 958 403; x_wconf 84' lang='lat' dir='ltr'>adhuc</span> 
     </span>
     <span class='ocr_line' id='line_1_5' title="bbox 234 417 882 457; baseline -0.003 -10"><span class='ocrx_word' id='word_1_22' title='bbox 234 418 375 456; x_wconf 84' lang='lat' dir='ltr'>legerim,</span> <span class='ocrx_word' id='word_1_23' title='bbox 394 419 451 447; x_wconf 81' lang='lat' dir='ltr'>hoc</span> <span class='ocrx_word' id='word_1_24' title='bbox 469 418 641 456; x_wconf 80' lang='lat' dir='ltr'>fragmento</span> <span class='ocrx_word' id='word_1_25' title='bbox 659 417 882 457; x_wconf 79' lang='lat' dir='ltr'>splendidiora.</span> 
     </span>
    </p>

    <p class='ocr_par' dir='ltr' id='par_1_3' title="bbox 226 460 961 1132">
     <span class='ocr_line' id='line_1_6' title="bbox 278 460 958 499; baseline -0.006 -9"><span class='ocrx_word' id='word_1_26' title='bbox 278 461 316 490; x_wconf 90' lang='lat' dir='ltr'>P.</span> <span class='ocrx_word' id='word_1_27' title='bbox 335 463 408 496; x_wconf 90' lang='lat'>171,</span> <span class='ocrx_word' id='word_1_28' title='bbox 426 465 455 492; x_wconf 88' lang='grc'>8.</span> <span class='ocrx_word' id='word_1_29' title='bbox 489 461 687 498; x_wconf 79' lang='lat' dir='ltr'>Suspicabar,</span> <span class='ocrx_word' id='word_1_30' title='bbox 709 460 838 497; x_wconf 75' lang='grc' dir='ltr'><em>ἡγοῦνται</em></span> <span class='ocrx_word' id='word_1_31' title='bbox 863 460 958 499; x_wconf 81' lang='grc' dir='ltr'><em>κερδα-</em></span> 
     </span>
     <span class='ocr_line' id='line_1_7' title="bbox 235 502 958 543; baseline 0 -11"><span class='ocrx_word' id='word_1_32' title='bbox 235 504 295 539; x_wconf 80' lang='grc' dir='ltr'><em>νεῖν,</em></span> <span class='ocrx_word' id='word_1_33' title='bbox 326 504 348 533; x_wconf 85' lang='grc' dir='ltr'>εἷ</span> <span class='ocrx_word' id='word_1_34' title='bbox 377 504 455 543; x_wconf 76' lang='grc' dir='ltr'><em>ὑμᾶς</em></span> <span class='ocrx_word' id='word_1_35' title='bbox 480 502 611 533; x_wconf 60' lang='grc' dir='ltr'><em>πείθοιεν.</em></span> <span class='ocrx_word' id='word_1_36' title='bbox 645 503 725 532; x_wconf 87' lang='lat' dir='ltr'>Vide</span> <span class='ocrx_word' id='word_1_37' title='bbox 752 513 783 540; x_wconf 92' lang='lat' dir='ltr'>p.</span> <span class='ocrx_word' id='word_1_38' title='bbox 807 505 879 538; x_wconf 85' lang='lat'>171,</span> <span class='ocrx_word' id='word_1_39' title='bbox 906 504 958 532; x_wconf 80' lang='lat'>30.</span> 
     </span>
     <span class='ocr_line' id='line_1_8' title="bbox 236 546 959 586; baseline -0.003 -11"><span class='ocrx_word' id='word_1_40' title='bbox 236 557 377 586; x_wconf 81' lang='lat' dir='ltr'>magnum</span> <span class='ocrx_word' id='word_1_41' title='bbox 394 548 446 575; x_wconf 72' lang='lat' dir='ltr'>sibi</span> <span class='ocrx_word' id='word_1_42' title='bbox 466 546 585 575; x_wconf 79' lang='lat' dir='ltr'>lucrum</span> <span class='ocrx_word' id='word_1_43' title='bbox 601 551 722 584; x_wconf 77' lang='lat' dir='ltr'>putant,</span> <span class='ocrx_word' id='word_1_44' title='bbox 745 546 767 576; x_wconf 87' lang='lat' dir='ltr'>i.</span> <span class='ocrx_word' id='word_1_45' title='bbox 779 556 807 575; x_wconf 88' lang='lat' dir='ltr'>e.</span> <span class='ocrx_word' id='word_1_46' title='bbox 822 556 886 575; x_wconf 82' lang='lat' dir='ltr'>rein</span> <span class='ocrx_word' id='word_1_47' title='bbox 904 556 959 585; x_wconf 87' lang='lat' dir='ltr'>op·</span> 
     </span>
     <span class='ocr_line' id='line_1_9' title="bbox 235 588 958 627; baseline -0.001 -9"><span class='ocrx_word' id='word_1_48' title='bbox 235 590 370 623; x_wconf 76' lang='lat' dir='ltr'>tandum,</span> <span class='ocrx_word' id='word_1_49' title='bbox 384 590 407 618; x_wconf 83' lang='lat' dir='ltr'>si</span> <span class='ocrx_word' id='word_1_50' title='bbox 422 599 516 618; x_wconf 80' lang='lat' dir='ltr'>omnes</span> <span class='ocrx_word' id='word_1_51' title='bbox 527 589 609 627; x_wconf 77' lang='lat' dir='ltr'>apud</span> <span class='ocrx_word' id='word_1_52' title='bbox 625 599 670 618; x_wconf 84' lang='lat' dir='ltr'>vos</span> <span class='ocrx_word' id='word_1_53' title='bbox 685 588 810 618; x_wconf 73' lang='lat' dir='ltr'>reddant</span> <span class='ocrx_word' id='word_1_54' title='bbox 831 599 888 617; x_wconf 73' lang='lat' dir='ltr'>non</span> <span class='ocrx_word' id='word_1_55' title='bbox 904 592 958 617; x_wconf 79' lang='lat' dir='ltr'>mi-</span> 
     </span>
     <span class='ocr_line' id='line_1_10' title="bbox 234 631 959 671; baseline -0.001 -10"><span class='ocrx_word' id='word_1_56' title='bbox 234 642 292 661; x_wconf 76' lang='lat' dir='ltr'>‘nus</span> <span class='ocrx_word' id='word_1_57' title='bbox 307 632 414 661; x_wconf 77' lang='lat' dir='ltr'>odiosos</span> <span class='ocrx_word' id='word_1_58' title='bbox 429 642 515 671; x_wconf 80' lang='lat' dir='ltr'>quam</span> <span class='ocrx_word' id='word_1_59' title='bbox 525 638 591 661; x_wconf 80' lang='lat' dir='ltr'>sunl</span> <span class='ocrx_word' id='word_1_60' title='bbox 607 633 671 670; x_wconf 78' lang='lat' dir='ltr'>ipsi.</span> <span class='ocrx_word' id='word_1_61' title='bbox 696 631 756 660; x_wconf 87' lang='lat' dir='ltr'>Sed</span> <span class='ocrx_word' id='word_1_62' title='bbox 773 631 844 660; x_wconf 86' lang='lat' dir='ltr'>nihil</span> <span class='ocrx_word' id='word_1_63' title='bbox 861 632 887 660; x_wconf 88' lang='lat' dir='ltr'>in</span> <span class='ocrx_word' id='word_1_64' title='bbox 904 632 959 660; x_wconf 77' lang='lat' dir='ltr'>lioc</span> 
     </span>
     <span class='ocr_line' id='line_1_11' title="bbox 235 673 960 714; baseline 0 -12"><span class='ocrx_word' id='word_1_65' title='bbox 235 673 424 714; x_wconf 64' lang='grc' dir='ltr'><em>θαυμαστόνῒ</em></span> <span class='ocrx_word' id='word_1_66' title='bbox 461 674 566 710; x_wconf 80' lang='lat' dir='ltr'><strong>Quare</strong></span> <span class='ocrx_word' id='word_1_67' title='bbox 593 685 672 704; x_wconf 87' lang='lat' dir='ltr'>nuno</span> <span class='ocrx_word' id='word_1_68' title='bbox 697 674 810 708; x_wconf 88' lang='lat' dir='ltr'>malim,</span> <span class='ocrx_word' id='word_1_69' title='bbox 837 674 859 703; x_wconf 81' lang='grc' dir='ltr'>εἶ</span> <span class='ocrx_word' id='word_1_70' title='bbox 884 675 960 713; x_wconf 75' lang='grc' dir='ltr'><em>οἱμε-</em></span> 
     </span>
     <span class='ocr_line' id='line_1_12' title="bbox 236 715 960 756; baseline -0.003 -10"><span class='ocrx_word' id='word_1_71' title='bbox 236 718 349 751; x_wconf 71' lang='grc' dir='ltr'><em>λοῖὶντες</em></span> <span class='ocrx_word' id='word_1_72' title='bbox 359 734 401 739; x_wconf 85' lang='lat'>-—</span> <span class='ocrx_word' id='word_1_73' title='bbox 411 717 458 745; x_wconf 84' lang='grc' dir='ltr'><em>καὶ</em></span> <span class='ocrx_word' id='word_1_74' title='bbox 475 720 575 755; x_wconf 72' lang='grc' dir='ltr'><em>σαφῶς</em></span> <span class='ocrx_word' id='word_1_75' title='bbox 591 717 640 746; x_wconf 82' lang='grc' dir='ltr'><em>εἰδ.</em></span> <span class='ocrx_word' id='word_1_76' title='bbox 658 717 788 756; x_wconf 79' lang='grc' dir='ltr'><em>ζητοῦσιν</em></span> <span class='ocrx_word' id='word_1_77' title='bbox 803 718 882 756; x_wconf 72' lang='grc' dir='ltr'><em>ὑμᾶς</em></span> <span class='ocrx_word' id='word_1_78' title='bbox 899 715 960 745; x_wconf 83' lang='grc' dir='ltr'><em>πεί-</em></span> 
     </span>
     <span class='ocr_line' id='line_1_13' title="bbox 236 759 961 800; baseline -0.001 -11"><span class='ocrx_word' id='word_1_79' title='bbox 236 759 395 790; x_wconf 73' lang='grc' dir='ltr'><em>θειν-τήν</em></span> <span class='ocrx_word' id='word_1_80' title='bbox 410 760 496 789; x_wconf 72' lang='grc' dir='ltr'><em>αὐτὴν</em></span> <span class='ocrx_word' id='word_1_81' title='bbox 511 760 622 798; x_wconf 77' lang='grc' dir='ltr'><em>γνώμην</em></span> <span class='ocrx_word' id='word_1_82' title='bbox 637 759 722 800; x_wconf 80' lang='grc' dir='ltr'><em>ἔχειν,</em></span> <span class='ocrx_word' id='word_1_83' title='bbox 739 765 770 789; x_wconf 88' lang='lat' dir='ltr'>ut</span> <span class='ocrx_word' id='word_1_84' title='bbox 783 770 892 788; x_wconf 83' lang='lat' dir='ltr'>sensus</span> <span class='ocrx_word' id='word_1_85' title='bbox 908 759 961 796; x_wconf 88' lang='lat' dir='ltr'>sit,</span> 
     </span>
     <span class='ocr_line' id='line_1_14' title="bbox 235 803 960 841; baseline -0.001 -10"><span class='ocrx_word' id='word_1_86' title='bbox 235 803 327 832; x_wconf 83' lang='lat' dir='ltr'>miror</span> <span class='ocrx_word' id='word_1_87' title='bbox 345 803 463 832; x_wconf 82' lang='lat' dir='ltr'>illorum</span> <span class='ocrx_word' id='word_1_88' title='bbox 480 803 666 837; x_wconf 74' lang='lat' dir='ltr'>clementiam,</span> <span class='ocrx_word' id='word_1_89' title='bbox 688 803 749 841; x_wconf 81' lang='lat' dir='ltr'>qui,</span> <span class='ocrx_word' id='word_1_90' title='bbox 765 812 885 831; x_wconf 78' lang='lat' dir='ltr'>suorum</span> <span class='ocrx_word' id='word_1_91' title='bbox 901 803 960 830; x_wconf 79' lang='lat' dir='ltr'>cri-</span> 
     </span>
     <span class='ocr_line' id='line_1_15' title="bbox 236 844 958 879; baseline -0.001 -5"><span class='ocrx_word' id='word_1_92' title='bbox 236 847 350 875; x_wconf 82' lang='lat' dir='ltr'>minum</span> <span class='ocrx_word' id='word_1_93' title='bbox 376 846 561 879; x_wconf 81' lang='lat' dir='ltr'><strong><em>immemores,</em></strong></span> <span class='ocrx_word' id='word_1_94' title='bbox 586 846 684 874; x_wconf 75' lang='lat' dir='ltr'>aliena</span> <span class='ocrx_word' id='word_1_95' title='bbox 708 844 879 874; x_wconf 73' lang='lat' dir='ltr'><em>vindicent:</em></span> <span class='ocrx_word' id='word_1_96' title='bbox 903 846 958 873; x_wconf 73' lang='lat' dir='ltr'>iui-</span> 
     </span>
     <span class='ocr_line' id='line_1_16' title="bbox 237 888 959 928; baseline -0.003 -10"><span class='ocrx_word' id='word_1_97' title='bbox 237 890 388 928; x_wconf 75' lang='lat' dir='ltr'>quitatem,</span> <span class='ocrx_word' id='word_1_98' title='bbox 416 889 477 928; x_wconf 80' lang='lat' dir='ltr'>qui,</span> <span class='ocrx_word' id='word_1_99' title='bbox 506 898 573 917; x_wconf 80' lang='lat' dir='ltr'>cum</span> <span class='ocrx_word' id='word_1_100' title='bbox 599 888 668 917; x_wconf 76' lang='lat' dir='ltr'>satis</span> <span class='ocrx_word' id='word_1_101' title='bbox 690 889 726 916; x_wconf 81' lang='lat' dir='ltr'>sit</span> <span class='ocrx_word' id='word_1_102' title='bbox 749 888 901 916; x_wconf 70' lang='lat' dir='ltr'>noxiorum</span> <span class='ocrx_word' id='word_1_103' title='bbox 927 888 959 916; x_wconf 81' lang='lat' dir='ltr'>in</span> 
     </span>
     <span class='ocr_line' id='line_1_17' title="bbox 237 930 957 970; baseline -0.001 -11"><span class='ocrx_word' id='word_1_104' title='bbox 237 941 305 970; x_wconf 78' lang='lat' dir='ltr'>quos</span> <span class='ocrx_word' id='word_1_105' title='bbox 325 931 561 969; x_wconf 68' lang='lat' dir='ltr'>saevia.nt,juxla</span> <span class='ocrx_word' id='word_1_106' title='bbox 579 930 656 960; x_wconf 83' lang='lat' dir='ltr'>bonis</span> <span class='ocrx_word' id='word_1_107' title='bbox 677 930 815 969; x_wconf 75' lang='lat' dir='ltr'>malisque</span> <span class='ocrx_word' id='word_1_108' title='bbox 835 931 893 959; x_wconf 77' lang='lat' dir='ltr'>sint</span> <span class='ocrx_word' id='word_1_109' title='bbox 911 930 957 959; x_wconf 81' lang='grc' dir='ltr'>ἰη-</span> 
     </span>
     <span class='ocr_line' id='line_1_18' title="bbox 226 972 954 1014; baseline -0.003 -11"><span class='ocrx_word' id='word_1_110' title='bbox 226 973 323 1014; x_wconf 79' lang='lat' dir='ltr'>fensi.</span> <span class='ocrx_word' id='word_1_111' title='bbox 369 974 532 1012; x_wconf 82' lang='lat' dir='ltr'><strong>Quomodo</strong></span> <span class='ocrx_word' id='word_1_112' title='bbox 549 972 691 1013; x_wconf 59' lang='grc' dir='ltr'><em>κερδαίνειν</em></span> <span class='ocrx_word' id='word_1_113' title='bbox 706 973 879 1011; x_wconf 72' lang='lat' dir='ltr'>irrepserit,</span> <span class='ocrx_word' id='word_1_114' title='bbox 897 983 954 1002; x_wconf 89' lang='lat' dir='ltr'>non</span> 
     </span>
     <span class='ocr_line' id='line_1_19' title="bbox 238 1016 956 1055; baseline -0.003 -9"><span class='ocrx_word' id='word_1_115' title='bbox 238 1017 330 1046; x_wconf 86' lang='lat' dir='ltr'>nimis</span> <span class='ocrx_word' id='word_1_116' title='bbox 358 1021 440 1046; x_wconf 82' lang='lat' dir='ltr'>arete</span> <span class='ocrx_word' id='word_1_117' title='bbox 471 1017 667 1055; x_wconf 62' lang='lat' dir='ltr'>quaerendum</span> <span class='ocrx_word' id='word_1_118' title='bbox 688 1016 717 1045; x_wconf 94' lang='lat' dir='ltr'>in</span> <span class='ocrx_word' id='word_1_119' title='bbox 747 1021 870 1045; x_wconf 77' lang='lat' dir='ltr'>auctore</span> <span class='ocrx_word' id='word_1_120' title='bbox 897 1020 956 1045; x_wconf 81' lang='lat' dir='ltr'>tam</span> 
     </span>
     <span class='ocr_line' id='line_1_20' title="bbox 239 1058 957 1100; baseline 0 -12"><span class='ocrx_word' id='word_1_121' title='bbox 239 1064 395 1100; x_wconf 79' lang='lat' dir='ltr'>corrupto.</span> <span class='ocrx_word' id='word_1_122' title='bbox 444 1059 550 1089; x_wconf 89' lang='lat' dir='ltr'>Potuit</span> <span class='ocrx_word' id='word_1_123' title='bbox 579 1059 722 1088; x_wconf 83' lang='lat' dir='ltr'>facillime</span> <span class='ocrx_word' id='word_1_124' title='bbox 750 1070 766 1088; x_wconf 89' lang='lat' dir='ltr'>e</span> <span class='ocrx_word' id='word_1_125' title='bbox 792 1058 957 1100; x_wconf 72' lang='grc' dir='ltr'><em>χξηματίζ.</em></span> 
     </span>
     <span class='ocr_line' id='line_1_21' title="bbox 240 1105 335 1132; baseline -0.011 0"><span class='ocrx_word' id='word_1_126' title='bbox 240 1113 269 1132; x_wconf 87' lang='grc' dir='ltr'>ν.</span> <span class='ocrx_word' id='word_1_127' title='bbox 284 1105 335 1132; x_wconf 89' lang='grc'>17.</span> 
     </span>
    </p>

    <p class='ocr_par' dir='ltr' id='par_1_4' title="bbox 237 1143 961 1616">
     <span class='ocr_line' id='line_1_22' title="bbox 284 1143 958 1186; baseline -0.004 -10"><span class='ocrx_word' id='word_1_128' title='bbox 284 1145 380 1186; x_wconf 84' lang='grc'><strong>[151]</strong></span> <span class='ocrx_word' id='word_1_129' title='bbox 406 1148 480 1181; x_wconf 91' lang='grc'><strong>171,</strong></span> <span class='ocrx_word' id='word_1_130' title='bbox 496 1148 547 1175; x_wconf 91' lang='grc'>10.</span> <span class='ocrx_word' id='word_1_131' title='bbox 564 1143 634 1184; x_wconf 74' lang='grc' dir='ltr'><em>ἐμοῦ</em></span> <span class='ocrx_word' id='word_1_132' title='bbox 648 1143 877 1184; x_wconf 55' lang='grc' dir='ltr'><em>κατηγορηκέναι.</em></span> <span class='ocrx_word' id='word_1_133' title='bbox 901 1144 958 1174; x_wconf 90' lang='lat' dir='ltr'>Ni-</span> 
     </span>
     <span class='ocr_line' id='line_1_23' title="bbox 238 1187 959 1228; baseline -0.003 -10"><span class='ocrx_word' id='word_1_134' title='bbox 238 1187 296 1218; x_wconf 89' lang='lat' dir='ltr'>mis</span> <span class='ocrx_word' id='word_1_135' title='bbox 312 1189 517 1228; x_wconf 79' lang='lat' dir='ltr'>emphaticam</span> <span class='ocrx_word' id='word_1_136' title='bbox 534 1198 710 1226; x_wconf 83' lang='lat' dir='ltr'>pronomen,</span> <span class='ocrx_word' id='word_1_137' title='bbox 728 1194 758 1218; x_wconf 82' lang='lat' dir='ltr'>et</span> <span class='ocrx_word' id='word_1_138' title='bbox 771 1188 959 1227; x_wconf 71' lang='lat' dir='ltr'>oppositioni</span> 
     </span>
     <span class='ocr_line' id='line_1_24' title="bbox 239 1230 958 1270; baseline -0.001 -9"><span class='ocrx_word' id='word_1_139' title='bbox 239 1236 340 1261; x_wconf 81' lang='lat' dir='ltr'>uocet.</span> <span class='ocrx_word' id='word_1_140' title='bbox 375 1231 485 1261; x_wconf 86' lang='lat' dir='ltr'>Malim</span> <span class='ocrx_word' id='word_1_141' title='bbox 503 1231 553 1260; x_wconf 76' lang='grc' dir='ltr'><strong>νῦν.</strong></span> <span class='ocrx_word' id='word_1_142' title='bbox 570 1232 594 1260; x_wconf 78' lang='grc' dir='ltr'><em>εὶ</em></span> <span class='ocrx_word' id='word_1_143' title='bbox 612 1237 721 1270; x_wconf 70' lang='lat' dir='ltr'>putant</span> <span class='ocrx_word' id='word_1_144' title='bbox 740 1232 771 1260; x_wconf 82' lang='lat' dir='ltr'>in</span> <span class='ocrx_word' id='word_1_145' title='bbox 797 1230 852 1259; x_wconf 81' lang='lat' dir='ltr'>huc</span> <span class='ocrx_word' id='word_1_146' title='bbox 871 1241 958 1260; x_wconf 77' lang='lat' dir='ltr'>ciccu-</span> 
     </span>
     <span class='ocr_line' id='line_1_25' title="bbox 237 1274 958 1312; baseline 0.001 -9"><span class='ocrx_word' id='word_1_147' title='bbox 237 1276 348 1304; x_wconf 78' lang='lat' dir='ltr'>satione</span> <span class='ocrx_word' id='word_1_148' title='bbox 379 1274 613 1304; x_wconf 83' lang='lat' dir='ltr'>XXXvirorum</span> <span class='ocrx_word' id='word_1_149' title='bbox 649 1275 755 1304; x_wconf 78' lang='lat' dir='ltr'>scelera</span> <span class='ocrx_word' id='word_1_150' title='bbox 791 1275 958 1312; x_wconf 78' lang='lat' dir='ltr'>exposuisse.</span> 
     </span>
     <span class='ocr_line' id='line_1_26' title="bbox 238 1317 958 1356; baseline -0.003 -10"><span class='ocrx_word' id='word_1_151' title='bbox 238 1318 302 1346; x_wconf 83' lang='lat' dir='ltr'>Sed</span> <span class='ocrx_word' id='word_1_152' title='bbox 325 1328 428 1356; x_wconf 84' lang='lat' dir='ltr'>quaero</span> <span class='ocrx_word' id='word_1_153' title='bbox 450 1317 623 1356; x_wconf 88' lang='lat' dir='ltr'>exemplum</span> <span class='ocrx_word' id='word_1_154' title='bbox 640 1317 884 1352; x_wconf 72' lang='lat' dir='ltr'>constructionis,</span> <span class='ocrx_word' id='word_1_155' title='bbox 905 1327 958 1346; x_wconf 73' lang='grc' dir='ltr'><em>ιια-</em></span> 
     </span>
     <span class='ocr_line' id='line_1_27' title="bbox 237 1359 960 1400; baseline 0.001 -11"><span class='ocrx_word' id='word_1_156' title='bbox 237 1362 361 1400; x_wconf 75' lang='grc' dir='ltr'><em>τηγοςεῖν</em></span> <span class='ocrx_word' id='word_1_157' title='bbox 381 1371 448 1390; x_wconf 89' lang='lat' dir='ltr'>cum</span> <span class='ocrx_word' id='word_1_158' title='bbox 470 1370 571 1389; x_wconf 87' lang='lat' dir='ltr'>accus.</span> <span class='ocrx_word' id='word_1_159' title='bbox 595 1360 638 1388; x_wconf 87' lang='lat' dir='ltr'>rei</span> <span class='ocrx_word' id='word_1_160' title='bbox 661 1359 725 1389; x_wconf 85' lang='lat' dir='ltr'>sine</span> <span class='ocrx_word' id='word_1_161' title='bbox 746 1359 839 1398; x_wconf 79' lang='lat' dir='ltr'>genit.</span> <span class='ocrx_word' id='word_1_162' title='bbox 856 1370 960 1398; x_wconf 84' lang='lat' dir='ltr'>perso-</span> 
     </span>
     <span class='ocr_line' id='line_1_28' title="bbox 237 1401 959 1443; baseline -0.004 -10"><span class='ocrx_word' id='word_1_163' title='bbox 237 1414 294 1433; x_wconf 83' lang='lat' dir='ltr'>nae.</span> <span class='ocrx_word' id='word_1_164' title='bbox 309 1403 469 1443; x_wconf 81' lang='lat' dir='ltr'>Aristoph.</span> <span class='ocrx_word' id='word_1_165' title='bbox 482 1404 560 1432; x_wconf 79' lang='lat' dir='ltr'>Rau.</span> <span class='ocrx_word' id='word_1_166' title='bbox 580 1404 673 1432; x_wconf 62' lang='lat'>10:³6.</span> <span class='ocrx_word' id='word_1_167' title='bbox 691 1402 760 1432; x_wconf 80' lang='grc' dir='ltr'><em>δεινὰ</em></span> <span class='ocrx_word' id='word_1_168' title='bbox 772 1403 825 1442; x_wconf 52' lang='grc' dir='ltr'>γὰρ</span> <span class='ocrx_word' id='word_1_169' title='bbox 837 1401 959 1441; x_wconf 69' lang='grc' dir='ltr'><em>κατηγό-</em></span> 
     </span>
     <span class='ocr_line' id='line_1_29' title="bbox 237 1444 959 1486; baseline 0 -11"><span class='ocrx_word' id='word_1_170' title='bbox 237 1457 323 1486; x_wconf 75' lang='grc' dir='ltr'><em>ςηκεν.</em></span> <span class='ocrx_word' id='word_1_171' title='bbox 360 1447 419 1480; x_wconf 85' lang='grc' dir='ltr'>Αη,</span> <span class='ocrx_word' id='word_1_172' title='bbox 446 1446 496 1476; x_wconf 76' lang='grc' dir='ltr'><em>νυνὶ</em></span> <span class='ocrx_word' id='word_1_173' title='bbox 519 1444 739 1486; x_wconf 71' lang='grc' dir='ltr'><em>κατειλοχέναιὲ</em></span> <span class='ocrx_word' id='word_1_174' title='bbox 772 1446 959 1483; x_wconf 71' lang='lat' dir='ltr'>Cogiiaram,</span> 
     </span>
     <span class='ocr_line' id='line_1_30' title="bbox 237 1488 960 1529; baseline 0 -10"><span class='ocrx_word' id='word_1_175' title='bbox 237 1488 473 1529; x_wconf 71' lang='grc' dir='ltr'><em>ἁπηξιθμηκὲναι.</em></span> <span class='ocrx_word' id='word_1_176' title='bbox 514 1489 648 1526; x_wconf 75' lang='lat' dir='ltr'>Vulgata</span> <span class='ocrx_word' id='word_1_177' title='bbox 674 1490 773 1518; x_wconf 76' lang='lat' dir='ltr'>forsan</span> <span class='ocrx_word' id='word_1_178' title='bbox 799 1493 868 1517; x_wconf 77' lang='lat' dir='ltr'>nata</span> <span class='ocrx_word' id='word_1_179' title='bbox 890 1500 906 1518; x_wconf 85' lang='lat' dir='ltr'>e</span> <span class='ocrx_word' id='word_1_180' title='bbox 930 1500 960 1528; x_wconf 82' lang='lat' dir='ltr'>p.</span> 
     </span>
     <span class='ocr_line' id='line_1_31' title="bbox 240 1531 961 1570; baseline -0.001 -7"><span class='ocrx_word' id='word_1_181' title='bbox 240 1535 314 1568; x_wconf 92' lang='lat'>171,</span> <span class='ocrx_word' id='word_1_182' title='bbox 328 1535 379 1564; x_wconf 84' lang='lat'>23.</span> <span class='ocrx_word' id='word_1_183' title='bbox 402 1533 542 1562; x_wconf 85' lang='lat' dir='ltr'>Ceterum</span> <span class='ocrx_word' id='word_1_184' title='bbox 560 1532 629 1570; x_wconf 82' lang='lat' dir='ltr'>lege</span> <span class='ocrx_word' id='word_1_185' title='bbox 645 1531 802 1570; x_wconf 75' lang='grc' dir='ltr'><em>γεγένηται.</em></span> <span class='ocrx_word' id='word_1_186' title='bbox 820 1532 898 1561; x_wconf 84' lang='lat' dir='ltr'>Vide</span> <span class='ocrx_word' id='word_1_187' title='bbox 912 1533 961 1562; x_wconf 84' lang='lat' dir='ltr'>liic</span> 
     </span>
     <span class='ocr_line' id='line_1_32' title="bbox 242 1578 342 1616; baseline 0.02 -12"><span class='ocrx_word' id='word_1_188' title='bbox 242 1587 273 1616; x_wconf 88' lang='lat' dir='ltr'>p.</span> <span class='ocrx_word' id='word_1_189' title='bbox 287 1578 342 1606; x_wconf 82' lang='grc'>47.</span> 
     </span>
    </p>

    <p class='ocr_par' dir='ltr' id='par_1_5' title="bbox 284 1617 789 1656">
     <span class='ocr_line' id='line_1_33' title="bbox 284 1617 789 1656; baseline -0.004 -9"><span class='ocrx_word' id='word_1_190' title='bbox 284 1620 357 1654; x_wconf 91' lang='grc'><strong>171,</strong></span> <span class='ocrx_word' id='word_1_191' title='bbox 374 1620 423 1649; x_wconf 87' lang='grc'>13.</span> <span class='ocrx_word' id='word_1_192' title='bbox 448 1617 567 1647; x_wconf 68' lang='grc' dir='ltr'><em>ἅπαντα</em></span> <span class='ocrx_word' id='word_1_193' title='bbox 585 1622 668 1647; x_wconf 83' lang='lat' dir='ltr'>recte</span> <span class='ocrx_word' id='word_1_194' title='bbox 683 1617 789 1656; x_wconf 76' lang='lat' dir='ltr'>Steph.</span> 
     </span>
    </p>

    <p class='ocr_par' dir='ltr' id='par_1_6' title="bbox 241 1658 961 1744">
     <span class='ocr_line' id='line_1_34' title="bbox 285 1658 961 1700; baseline -0.003 -10"><span class='ocrx_word' id='word_1_195' title='bbox 285 1664 357 1695; x_wconf 84' lang='lat'>171,</span> <span class='ocrx_word' id='word_1_196' title='bbox 380 1663 430 1690; x_wconf 91' lang='grc'>17.</span> <span class='ocrx_word' id='word_1_197' title='bbox 459 1660 556 1689; x_wconf 75' lang='lat' dir='ltr'>Recte</span> <span class='ocrx_word' id='word_1_198' title='bbox 579 1661 704 1694; x_wconf 78' lang='lat' dir='ltr'>Coraes,</span> <span class='ocrx_word' id='word_1_199' title='bbox 727 1658 961 1700; x_wconf 66' lang='grc' dir='ltr'><em>χρηματίζοιντο·</em></span> 
     </span>
     <span class='ocr_line' id='line_1_35' title="bbox 241 1703 862 1744; baseline -0.003 -10"><span class='ocrx_word' id='word_1_200' title='bbox 241 1704 409 1744; x_wconf 77' lang='grc' dir='ltr'><strong>ὺμ.-ὑμ.</strong></span> <span class='ocrx_word' id='word_1_201' title='bbox 426 1703 499 1742; x_wconf 68' lang='grc' dir='ltr'><em>ἕξγον</em></span> <span class='ocrx_word' id='word_1_202' title='bbox 515 1713 545 1741; x_wconf 88' lang='lat' dir='ltr'>p.</span> <span class='ocrx_word' id='word_1_203' title='bbox 561 1706 634 1737; x_wconf 88' lang='grc'><strong>177,</strong></span> <span class='ocrx_word' id='word_1_204' title='bbox 654 1705 862 1738; x_wconf 73' lang='lat'>17.179,:30.</span> 
     </span>
    </p>

    <p class='ocr_par' dir='ltr' id='par_1_7' title="bbox 241 1745 961 1873">
     <span class='ocr_line' id='line_1_36' title="bbox 287 1745 961 1786; baseline -0.003 -10"><span class='ocrx_word' id='word_1_205' title='bbox 287 1749 360 1781; x_wconf 88' lang='lat'>171,</span> <span class='ocrx_word' id='word_1_206' title='bbox 371 1750 422 1776; x_wconf 82' lang='lat'>18.</span> <span class='ocrx_word' id='word_1_207' title='bbox 436 1746 480 1776; x_wconf 72' lang='grc' dir='ltr'>ἐὰν</span> <span class='ocrx_word' id='word_1_208' title='bbox 494 1745 867 1786; x_wconf 64' lang='grc' dir='ltr'><em>ἀποφανῶ-γεγενημένος.</em></span> <span class='ocrx_word' id='word_1_209' title='bbox 880 1746 961 1775; x_wconf 86' lang='lat' dir='ltr'>Nota</span> 
     </span>
     <span class='ocr_line' id='line_1_37' title="bbox 241 1788 961 1828; baseline -0.004 -9"><span class='ocrx_word' id='word_1_210' title='bbox 241 1795 322 1825; x_wconf 90' lang='lat' dir='ltr'>sunt,</span> <span class='ocrx_word' id='word_1_211' title='bbox 343 1788 421 1828; x_wconf 77' lang='grc' dir='ltr'><em>δείξω</em></span> <span class='ocrx_word' id='word_1_212' title='bbox 443 1791 536 1828; x_wconf 68' lang='grc' dir='ltr'><strong>γεςὼς,</strong></span> <span class='ocrx_word' id='word_1_213' title='bbox 557 1794 616 1819; x_wconf 85' lang='lat' dir='ltr'>eto.</span> <span class='ocrx_word' id='word_1_214' title='bbox 649 1790 728 1818; x_wconf 86' lang='lat' dir='ltr'>Vide</span> <span class='ocrx_word' id='word_1_215' title='bbox 745 1794 843 1819; x_wconf 80' lang='lat' dir='ltr'>tamen</span> <span class='ocrx_word' id='word_1_216' title='bbox 860 1798 895 1818; x_wconf 90' lang='lat' dir='ltr'>an</span> <span class='ocrx_word' id='word_1_217' title='bbox 913 1788 961 1816; x_wconf 87' lang='lat' dir='ltr'>hic</span> 
     </span>
     <span class='ocr_line' id='line_1_38' title="bbox 242 1831 521 1873; baseline -0.011 -11"><span class='ocrx_word' id='word_1_218' title='bbox 242 1833 302 1873; x_wconf 85' lang='lat' dir='ltr'>leg.</span> <span class='ocrx_word' id='word_1_219' title='bbox 320 1831 417 1871; x_wconf 76' lang='grc' dir='ltr'><em>ἐάνπερ</em></span> <span class='ocrx_word' id='word_1_220' title='bbox 433 1834 521 1871; x_wconf 77' lang='grc' dir='ltr'><strong>φανῶ.</strong></span> 
     </span>
    </p>

    <p class='ocr_par' dir='ltr' id='par_1_8' title="bbox 241 1872 960 2000">
     <span class='ocr_line' id='line_1_39' title="bbox 283 1872 960 1914; baseline -0.004 -9"><span class='ocrx_word' id='word_1_221' title='bbox 283 1878 360 1910; x_wconf 81' lang='grc'><strong>171,</strong></span> <span class='ocrx_word' id='word_1_222' title='bbox 378 1878 429 1905; x_wconf 75' lang='grc'>24.</span> <span class='ocrx_word' id='word_1_223' title='bbox 451 1873 600 1908; x_wconf 76' lang='grc' dir='ltr'><em>ἐκείνοις·</em></span> <span class='ocrx_word' id='word_1_224' title='bbox 623 1872 847 1914; x_wconf 62' lang='grc' dir='ltr'><em>πεπραγμένων.</em></span> <span class='ocrx_word' id='word_1_225' title='bbox 876 1874 901 1902; x_wconf 89' lang='grc' dir='ltr'>Ε</span> <span class='ocrx_word' id='word_1_226' title='bbox 917 1873 960 1902; x_wconf 85' lang='lat' dir='ltr'>vi-</span> 
     </span>
     <span class='ocr_line' id='line_1_40' title="bbox 242 1915 960 1956; baseline -0.004 -8"><span class='ocrx_word' id='word_1_227' title='bbox 242 1918 321 1948; x_wconf 88' lang='lat' dir='ltr'>cinis</span> <span class='ocrx_word' id='word_1_228' title='bbox 338 1918 465 1947; x_wconf 80' lang='lat' dir='ltr'>fluxisse</span> <span class='ocrx_word' id='word_1_229' title='bbox 486 1917 608 1947; x_wconf 86' lang='lat' dir='ltr'>videtur</span> <span class='ocrx_word' id='word_1_230' title='bbox 629 1915 745 1951; x_wconf 77' lang='grc' dir='ltr'><em>ἐκείνοις.</em></span> <span class='ocrx_word' id='word_1_231' title='bbox 770 1917 832 1952; x_wconf 76' lang='lat' dir='ltr'>An,</span> <span class='ocrx_word' id='word_1_232' title='bbox 850 1915 960 1956; x_wconf 77' lang='grc' dir='ltr'><em>ἑτέροις,</em></span> 
     </span>
     <span class='ocr_line' id='line_1_41' title="bbox 241 1960 939 2000; baseline -0.004 -8"><span class='ocrx_word' id='word_1_233' title='bbox 241 1962 288 1992; x_wconf 88' lang='lat' dir='ltr'>vel</span> <span class='ocrx_word' id='word_1_234' title='bbox 305 1960 399 1996; x_wconf 66' lang='grc' dir='ltr'><em>ἐνίοιςῖ</em></span> <span class='ocrx_word' id='word_1_235' title='bbox 424 1963 548 1995; x_wconf 80' lang='lat' dir='ltr'>Sensus,</span> <span class='ocrx_word' id='word_1_236' title='bbox 565 1966 598 1989; x_wconf 75' lang='lat' dir='ltr'>tu</span> <span class='ocrx_word' id='word_1_237' title='bbox 613 1969 720 1998; x_wconf 83' lang='lat' dir='ltr'><em>pecces,</em></span> <span class='ocrx_word' id='word_1_238' title='bbox 732 1970 784 2000; x_wconf 77' lang='lat' dir='ltr'>ego</span> <span class='ocrx_word' id='word_1_239' title='bbox 798 1960 939 1999; x_wconf 71' lang='lat' dir='ltr'>arguar?</span> 
     </span>
    </p>

    <p class='ocr_par' dir='ltr' id='par_1_9' title="bbox 239 2000 963 2172">
     <span class='ocr_line' id='line_1_42' title="bbox 287 2000 963 2042; baseline -0.007 -8"><span class='ocrx_word' id='word_1_240' title='bbox 287 2007 359 2040; x_wconf 87' lang='lat'>171,</span> <span class='ocrx_word' id='word_1_241' title='bbox 373 2005 421 2034; x_wconf 81' lang='lat' dir='ltr'>fin.</span> <span class='ocrx_word' id='word_1_242' title='bbox 450 2005 488 2033; x_wconf 76' lang='lat' dir='ltr'>Ei</span> <span class='ocrx_word' id='word_1_243' title='bbox 504 2002 584 2033; x_wconf 72' lang='grc' dir='ltr'><em>αὐτοὶ</em></span> <span class='ocrx_word' id='word_1_244' title='bbox 605 2008 636 2032; x_wconf 88' lang='lat' dir='ltr'>et</span> <span class='ocrx_word' id='word_1_245' title='bbox 658 2002 753 2036; x_wconf 71' lang='grc' dir='ltr'><em>αὐτοῖς</em></span> <span class='ocrx_word' id='word_1_246' title='bbox 773 2003 839 2042; x_wconf 83' lang='lat' dir='ltr'>(vel</span> <span class='ocrx_word' id='word_1_247' title='bbox 857 2000 963 2039; x_wconf 80' lang='grc' dir='ltr'><em>αὐτῶν)</em></span> 
     </span>
     <span class='ocr_line' id='line_1_43' title="bbox 239 2046 962 2086; baseline -0.004 -9"><span class='ocrx_word' id='word_1_248' title='bbox 239 2048 369 2077; x_wconf 85' lang='lat' dir='ltr'>delenda</span> <span class='ocrx_word' id='word_1_249' title='bbox 391 2051 485 2086; x_wconf 90' lang='lat' dir='ltr'>puto;</span> <span class='ocrx_word' id='word_1_250' title='bbox 510 2046 664 2086; x_wconf 76' lang='lat' dir='ltr'>posterius</span> <span class='ocrx_word' id='word_1_251' title='bbox 683 2050 767 2075; x_wconf 86' lang='lat' dir='ltr'>certe</span> <span class='ocrx_word' id='word_1_252' title='bbox 786 2056 853 2074; x_wconf 87' lang='lat' dir='ltr'>cum</span> <span class='ocrx_word' id='word_1_253' title='bbox 877 2046 962 2075; x_wconf 88' lang='lat' dir='ltr'>Bek-</span> 
     </span>
     <span class='ocr_line' id='line_1_44' title="bbox 240 2088 961 2130; baseline -0.006 -10"><span class='ocrx_word' id='word_1_254' title='bbox 240 2092 326 2120; x_wconf 85' lang='lat' dir='ltr'>kero.</span> <span class='ocrx_word' id='word_1_255' title='bbox 359 2091 434 2120; x_wconf 87' lang='lat' dir='ltr'>Mox</span> <span class='ocrx_word' id='word_1_256' title='bbox 451 2088 701 2130; x_wconf 69' lang='grc' dir='ltr'><em>ἀπογραψαμένων</em></span> <span class='ocrx_word' id='word_1_257' title='bbox 721 2093 816 2123; x_wconf 84' lang='lat' dir='ltr'>recte,</span> <span class='ocrx_word' id='word_1_258' title='bbox 840 2088 961 2127; x_wconf 84' lang='lat' dir='ltr'>opinor,</span> 
     </span>
     <span class='ocr_line' id='line_1_45' title="bbox 242 2131 960 2172; baseline -0.004 -9"><span class='ocrx_word' id='word_1_259' title='bbox 242 2133 271 2163; x_wconf 92' lang='lat' dir='ltr'>in</span> <span class='ocrx_word' id='word_1_260' title='bbox 284 2133 425 2163; x_wconf 82' lang='lat' dir='ltr'>versione</span> <span class='ocrx_word' id='word_1_261' title='bbox 442 2133 579 2172; x_wconf 81' lang='lat' dir='ltr'>explicat</span> <span class='ocrx_word' id='word_1_262' title='bbox 596 2131 744 2161; x_wconf 84' lang='lat' dir='ltr'>Reiskius</span> <span class='ocrx_word' id='word_1_263' title='bbox 761 2136 782 2161; x_wconf 91' lang='lat' dir='ltr'>t.</span> <span class='ocrx_word' id='word_1_264' title='bbox 796 2134 825 2162; x_wconf 87' lang='lat'>6.</span> <span class='ocrx_word' id='word_1_265' title='bbox 844 2133 960 2170; x_wconf 73' lang='lat' dir='ltr'>p.595.</span> 
     </span>
    </p>

    <p class='ocr_par' dir='ltr' id='par_1_10' title="bbox 239 2173 960 2257">
     <span class='ocr_line' id='line_1_46' title="bbox 286 2173 960 2214; baseline -0.001 -9"><span class='ocrx_word' id='word_1_266' title='bbox 286 2177 359 2210; x_wconf 87' lang='lat'>172,</span> <span class='ocrx_word' id='word_1_267' title='bbox 377 2178 406 2205; x_wconf 88' lang='grc'>8.</span> <span class='ocrx_word' id='word_1_268' title='bbox 431 2175 488 2205; x_wconf 68' lang='grc' dir='ltr'><em>ὅσοι</em></span> <span class='ocrx_word' id='word_1_269' title='bbox 502 2176 604 2214; x_wconf 74' lang='grc' dir='ltr'><em>ἄτιμοι</em></span> <span class='ocrx_word' id='word_1_270' title='bbox 620 2173 701 2205; x_wconf 64' lang='grc' dir='ltr'><em>ἦσαν.</em></span> <span class='ocrx_word' id='word_1_271' title='bbox 727 2176 774 2204; x_wconf 87' lang='lat' dir='ltr'>De</span> <span class='ocrx_word' id='word_1_272' title='bbox 790 2174 837 2204; x_wconf 89' lang='lat' dir='ltr'>his</span> <span class='ocrx_word' id='word_1_273' title='bbox 853 2173 960 2204; x_wconf 87' lang='lat' dir='ltr'>Ando-</span> 
     </span>
     <span class='ocr_line' id='line_1_47' title="bbox 239 2219 591 2257; baseline -0.003 -9"><span class='ocrx_word' id='word_1_274' title='bbox 239 2219 324 2248; x_wconf 85' lang='lat' dir='ltr'>cides</span> <span class='ocrx_word' id='word_1_275' title='bbox 341 2230 370 2257; x_wconf 87' lang='lat' dir='ltr'>p.</span> <span class='ocrx_word' id='word_1_276' title='bbox 386 2221 438 2254; x_wconf 89' lang='lat'>10,</span> <span class='ocrx_word' id='word_1_277' title='bbox 456 2220 507 2249; x_wconf 85' lang='lat'>15.</span> <span class='ocrx_word' id='word_1_278' title='bbox 525 2229 591 2257; x_wconf 91' lang='lat' dir='ltr'>sqq.</span> 
     </span>
    </p>

    <p class='ocr_par' dir='ltr' id='par_1_11' title="bbox 241 2260 960 2345">
     <span class='ocr_line' id='line_1_48' title="bbox 284 2260 960 2299; baseline -0.001 -8"><span class='ocrx_word' id='word_1_279' title='bbox 284 2264 358 2296; x_wconf 80' lang='lat'>172,</span> <span class='ocrx_word' id='word_1_280' title='bbox 376 2264 404 2291; x_wconf 81' lang='lat'>8.</span> <span class='ocrx_word' id='word_1_281' title='bbox 429 2260 587 2294; x_wconf 75' lang='grc' dir='ltr'><em>δεδωκότες.</em></span> <span class='ocrx_word' id='word_1_282' title='bbox 612 2260 645 2289; x_wconf 91' lang='lat' dir='ltr'>Si</span> <span class='ocrx_word' id='word_1_283' title='bbox 661 2260 733 2299; x_wconf 88' lang='lat' dir='ltr'>quid</span> <span class='ocrx_word' id='word_1_284' title='bbox 750 2265 825 2291; x_wconf 87' lang='lat' dir='ltr'>mut.</span> <span class='ocrx_word' id='word_1_285' title='bbox 839 2260 960 2291; x_wconf 87' lang='lat' dir='ltr'>mallem</span> 
     </span>
     <span class='ocr_line' id='line_1_49' title="bbox 241 2303 724 2345; baseline -0.002 -12"><span class='ocrx_word' id='word_1_286' title='bbox 241 2304 412 2345; x_wconf 69' lang='grc' dir='ltr'><em>ὠφληκότες.</em></span> <span class='ocrx_word' id='word_1_287' title='bbox 436 2305 497 2333; x_wconf 85' lang='lat' dir='ltr'>Sed</span> <span class='ocrx_word' id='word_1_288' title='bbox 514 2308 597 2334; x_wconf 81' lang='lat' dir='ltr'>recte</span> <span class='ocrx_word' id='word_1_289' title='bbox 615 2303 724 2333; x_wconf 84' lang='lat' dir='ltr'>Reisk.</span> 
     </span>
    </p>

    <p class='ocr_par' dir='ltr' id='par_1_12' title="bbox 238 2345 961 2513">
     <span class='ocr_line' id='line_1_50' title="bbox 285 2345 959 2387; baseline 0 -10"><span class='ocrx_word' id='word_1_290' title='bbox 285 2347 380 2387; x_wconf 80' lang='lat'>[153]</span> <span class='ocrx_word' id='word_1_291' title='bbox 409 2347 481 2381; x_wconf 89' lang='lat'>172,</span> <span class='ocrx_word' id='word_1_292' title='bbox 498 2350 549 2377; x_wconf 83' lang='lat'>18.</span> <span class='ocrx_word' id='word_1_293' title='bbox 573 2345 665 2375; x_wconf 84' lang='grc' dir='ltr'><em>καίτοι</em></span> <span class='ocrx_word' id='word_1_294' title='bbox 676 2345 723 2376; x_wconf 71' lang='grc' dir='ltr'><em>διὰ</em></span> <span class='ocrx_word' id='word_1_295' title='bbox 738 2357 768 2376; x_wconf 79' lang='grc' dir='ltr'>τ.</span> <span class='ocrx_word' id='word_1_296' title='bbox 781 2357 959 2386; x_wconf 76' lang='lat' dir='ltr'>quanquam.</span> 
     </span>
     <span class='ocr_line' id='line_1_51' title="bbox 239 2389 960 2428; baseline -0.003 -8"><span class='ocrx_word' id='word_1_297' title='bbox 239 2391 308 2420; x_wconf 88' lang='lat' dir='ltr'>Imo</span> <span class='ocrx_word' id='word_1_298' title='bbox 324 2390 370 2418; x_wconf 80' lang='grc' dir='ltr'><em>καὶ</em></span> <span class='ocrx_word' id='word_1_299' title='bbox 383 2389 407 2419; x_wconf 90' lang='grc' dir='ltr'>δ.</span> <span class='ocrx_word' id='word_1_300' title='bbox 440 2390 510 2419; x_wconf 84' lang='grc' dir='ltr'><em>Νοι]</em></span> <span class='ocrx_word' id='word_1_301' title='bbox 534 2389 701 2428; x_wconf 81' lang='lat' dir='ltr'>oppositio,</span> <span class='ocrx_word' id='word_1_302' title='bbox 724 2390 777 2418; x_wconf 89' lang='lat' dir='ltr'>sed</span> <span class='ocrx_word' id='word_1_303' title='bbox 801 2391 960 2419; x_wconf 85' lang='lat' dir='ltr'>continua-</span> 
     </span>
     <span class='ocr_line' id='line_1_52' title="bbox 238 2432 961 2472; baseline 0.001 -10"><span class='ocrx_word' id='word_1_304' title='bbox 238 2433 294 2462; x_wconf 87' lang='lat' dir='ltr'>tio.</span> <span class='ocrx_word' id='word_1_305' title='bbox 333 2433 478 2462; x_wconf 84' lang='lat' dir='ltr'>Ceterum</span> <span class='ocrx_word' id='word_1_306' title='bbox 504 2433 574 2463; x_wconf 89' lang='lat' dir='ltr'>vide</span> <span class='ocrx_word' id='word_1_307' title='bbox 596 2432 644 2462; x_wconf 80' lang='lat' dir='ltr'>hio</span> <span class='ocrx_word' id='word_1_308' title='bbox 671 2442 703 2470; x_wconf 89' lang='lat' dir='ltr'>p.</span> <span class='ocrx_word' id='word_1_309' title='bbox 727 2434 801 2463; x_wconf 83' lang='lat'>125.</span> <span class='ocrx_word' id='word_1_310' title='bbox 826 2433 864 2462; x_wconf 87' lang='lat' dir='ltr'>ad</span> <span class='ocrx_word' id='word_1_311' title='bbox 889 2434 961 2472; x_wconf 81' lang='lat' dir='ltr'>Lys.</span> 
     </span>
     <span class='ocr_line' id='line_1_53' title="bbox 243 2478 429 2513; baseline -0.005 -8"><span class='ocrx_word' id='word_1_312' title='bbox 243 2478 319 2511; x_wconf 81' lang='lat'>147,</span> <span class='ocrx_word' id='word_1_313' title='bbox 335 2478 386 2506; x_wconf 73' lang='lat'>24.</span> <span class='ocrx_word' id='word_1_314' title='bbox 423 2511 429 2513; x_wconf 61' lang='lat'>‚</span> 
     </span>
    </p>

    <p class='ocr_par' dir='ltr' id='par_1_13' title="bbox 240 2516 961 2816">
     <span class='ocr_line' id='line_1_54' title="bbox 286 2516 960 2558; baseline -0.003 -10"><span class='ocrx_word' id='word_1_315' title='bbox 286 2521 362 2553; x_wconf 89' lang='grc'><strong>172,</strong></span> <span class='ocrx_word' id='word_1_316' title='bbox 377 2520 429 2549; x_wconf 84' lang='grc'>23.</span> <span class='ocrx_word' id='word_1_317' title='bbox 452 2516 520 2557; x_wconf 79' lang='grc' dir='ltr'><em>παρ’</em></span> <span class='ocrx_word' id='word_1_318' title='bbox 543 2519 631 2558; x_wconf 62' lang='grc' dir='ltr'><strong>ὴμῶν,</strong></span> <span class='ocrx_word' id='word_1_319' title='bbox 655 2518 721 2547; x_wconf 85' lang='lat' dir='ltr'>scil.</span> <span class='ocrx_word' id='word_1_320' title='bbox 741 2519 797 2547; x_wconf 71' lang='grc' dir='ltr'>τῶν</span> <span class='ocrx_word' id='word_1_321' title='bbox 823 2516 849 2547; x_wconf 81' lang='grc' dir='ltr'>ἐν</span> <span class='ocrx_word' id='word_1_322' title='bbox 874 2517 960 2547; x_wconf 79' lang='grc' dir='ltr'><em>ἐίστει</em></span> 
     </span>
     <span class='ocr_line' id='line_1_55' title="bbox 240 2560 959 2601; baseline -0.003 -9"><span class='ocrx_word' id='word_1_323' title='bbox 240 2562 402 2601; x_wconf 80' lang='grc' dir='ltr'><em>μεινάντων.</em></span> <span class='ocrx_word' id='word_1_324' title='bbox 427 2561 507 2590; x_wconf 91' lang='lat' dir='ltr'>Vide</span> <span class='ocrx_word' id='word_1_325' title='bbox 524 2571 554 2600; x_wconf 92' lang='lat' dir='ltr'>p.</span> <span class='ocrx_word' id='word_1_326' title='bbox 571 2563 687 2599; x_wconf 76' lang='grc'><strong>171,8.</strong></span> <span class='ocrx_word' id='word_1_327' title='bbox 706 2562 780 2596; x_wconf 89' lang='grc'><strong>173,</strong></span> <span class='ocrx_word' id='word_1_328' title='bbox 797 2562 848 2591; x_wconf 76' lang='grc'>24.</span> <span class='ocrx_word' id='word_1_329' title='bbox 867 2560 959 2601; x_wconf 79' lang='grc'><strong>(173.</strong></span> 
     </span>
     <span class='ocr_line' id='line_1_56' title="bbox 243 2603 959 2644; baseline -0.004 -8"><span class='ocrx_word' id='word_1_330' title='bbox 243 2607 295 2636; x_wconf 87' lang='grc'>27.</span> <span class='ocrx_word' id='word_1_331' title='bbox 308 2603 377 2644; x_wconf 59' lang='grc' dir='ltr'>ὑπὲρ</span> <span class='ocrx_word' id='word_1_332' title='bbox 388 2605 466 2643; x_wconf 70' lang='grc' dir='ltr'>ἡμῶν</span> <span class='ocrx_word' id='word_1_333' title='bbox 477 2609 561 2633; x_wconf 83' lang='lat' dir='ltr'>recte</span> <span class='ocrx_word' id='word_1_334' title='bbox 577 2603 729 2644; x_wconf 80' lang='lat' dir='ltr'>Bekker.)</span> <span class='ocrx_word' id='word_1_335' title='bbox 744 2606 818 2639; x_wconf 85' lang='lat'>173,</span> <span class='ocrx_word' id='word_1_336' title='bbox 829 2605 882 2634; x_wconf 82' lang='grc'>36.</span> <span class='ocrx_word' id='word_1_337' title='bbox 898 2603 959 2633; x_wconf 86' lang='lat' dir='ltr'>Sed</span> 
     </span>
     <span class='ocr_line' id='line_1_57' title="bbox 241 2645 961 2686; baseline -0.004 -8"><span class='ocrx_word' id='word_1_338' title='bbox 241 2658 300 2678; x_wconf 90' lang='lat' dir='ltr'>non</span> <span class='ocrx_word' id='word_1_339' title='bbox 318 2647 456 2682; x_wconf 86' lang='lat' dir='ltr'>mirarer,</span> <span class='ocrx_word' id='word_1_340' title='bbox 472 2646 497 2676; x_wconf 92' lang='lat' dir='ltr'>si</span> <span class='ocrx_word' id='word_1_341' title='bbox 512 2646 562 2676; x_wconf 89' lang='lat' dir='ltr'>hic</span> <span class='ocrx_word' id='word_1_342' title='bbox 576 2647 635 2686; x_wconf 85' lang='lat' dir='ltr'>leg.</span> <span class='ocrx_word' id='word_1_343' title='bbox 654 2645 729 2686; x_wconf 61' lang='lat' dir='ltr'>‘mag&#39;</span> <span class='ocrx_word' id='word_1_344' title='bbox 743 2647 844 2681; x_wconf 70' lang='grc' dir='ltr'><em>αὐτῶν,</em></span> <span class='ocrx_word' id='word_1_345' title='bbox 863 2651 892 2675; x_wconf 89' lang='lat' dir='ltr'>et</span> <span class='ocrx_word' id='word_1_346' title='bbox 907 2646 961 2675; x_wconf 82' lang='lat' dir='ltr'>illa</span> 
     </span>
     <span class='ocr_line' id='line_1_58' title="bbox 242 2687 960 2728; baseline -0.003 -8"><span class='ocrx_word' id='word_1_347' title='bbox 242 2690 373 2721; x_wconf 78' lang='lat' dir='ltr'>delenda</span> <span class='ocrx_word' id='word_1_348' title='bbox 385 2694 453 2719; x_wconf 88' lang='lat' dir='ltr'>ante</span> <span class='ocrx_word' id='word_1_349' title='bbox 465 2687 552 2728; x_wconf 77' lang='grc' dir='ltr'><em>ἦξίουν</em></span> <span class='ocrx_word' id='word_1_350' title='bbox 570 2701 598 2719; x_wconf 87' lang='lat' dir='ltr'>v.</span> <span class='ocrx_word' id='word_1_351' title='bbox 609 2691 659 2721; x_wconf 86' lang='lat'>22.</span> <span class='ocrx_word' id='word_1_352' title='bbox 674 2694 781 2727; x_wconf 71' lang='lat' dir='ltr'>utpote</span> <span class='ocrx_word' id='word_1_353' title='bbox 795 2701 810 2718; x_wconf 79' lang='lat' dir='ltr'>e</span> <span class='ocrx_word' id='word_1_354' title='bbox 824 2689 960 2727; x_wconf 87' lang='lat' dir='ltr'>margine</span> 
     </span>
     <span class='ocr_line' id='line_1_59' title="bbox 241 2732 961 2768; baseline -0.003 -4"><span class='ocrx_word' id='word_1_355' title='bbox 241 2734 315 2764; x_wconf 87' lang='lat' dir='ltr'>illuc</span> <span class='ocrx_word' id='word_1_356' title='bbox 336 2737 443 2768; x_wconf 84' lang='lat' dir='ltr'>tracta,</span> <span class='ocrx_word' id='word_1_357' title='bbox 461 2742 529 2761; x_wconf 85' lang='lat' dir='ltr'>cum</span> <span class='ocrx_word' id='word_1_358' title='bbox 552 2732 610 2761; x_wconf 86' lang='lat' dir='ltr'>huc</span> <span class='ocrx_word' id='word_1_359' title='bbox 632 2732 790 2761; x_wconf 87' lang='lat' dir='ltr'>deberent.</span> <span class='ocrx_word' id='word_1_360' title='bbox 818 2732 888 2761; x_wconf 85' lang='lat' dir='ltr'>Hoc</span> <span class='ocrx_word' id='word_1_361' title='bbox 906 2741 961 2762; x_wconf 86' lang='lat' dir='ltr'>ve-</span> 
     </span>
     <span class='ocr_line' id='line_1_60' title="bbox 242 2775 856 2816; baseline -0.008 -9"><span class='ocrx_word' id='word_1_362' title='bbox 242 2787 308 2807; x_wconf 90' lang='lat' dir='ltr'>rum</span> <span class='ocrx_word' id='word_1_363' title='bbox 325 2780 412 2816; x_wconf 85' lang='lat' dir='ltr'>puto.</span> <span class='ocrx_word' id='word_1_364' title='bbox 436 2775 515 2804; x_wconf 88' lang='lat' dir='ltr'>Vide</span> <span class='ocrx_word' id='word_1_365' title='bbox 528 2785 599 2805; x_wconf 87' lang='lat' dir='ltr'>mox</span> <span class='ocrx_word' id='word_1_366' title='bbox 615 2775 653 2804; x_wconf 85' lang='lat' dir='ltr'>ad</span> <span class='ocrx_word' id='word_1_367' title='bbox 669 2785 700 2812; x_wconf 91' lang='lat' dir='ltr'>p.</span> <span class='ocrx_word' id='word_1_368' title='bbox 716 2777 789 2810; x_wconf 84' lang='grc'><strong>173,</strong></span> <span class='ocrx_word' id='word_1_369' title='bbox 806 2776 856 2805; x_wconf 81' lang='grc'>27.</span> 
     </span>
    </p>

    <p class='ocr_par' dir='ltr' id='par_1_14' title="bbox 242 2817 961 2986">
     <span class='ocr_line' id='line_1_61' title="bbox 286 2817 960 2855; baseline -0.004 -6"><span class='ocrx_word' id='word_1_370' title='bbox 286 2822 361 2855; x_wconf 86' lang='lat'>172,</span> <span class='ocrx_word' id='word_1_371' title='bbox 376 2819 427 2849; x_wconf 87' lang='grc'>25.</span> <span class='ocrx_word' id='word_1_372' title='bbox 455 2819 552 2848; x_wconf 80' lang='lat' dir='ltr'>Recte</span> <span class='ocrx_word' id='word_1_373' title='bbox 577 2818 796 2852; x_wconf 88' lang='lat' dir='ltr'>Marklandus,</span> <span class='ocrx_word' id='word_1_374' title='bbox 823 2817 884 2848; x_wconf 73' lang='grc' dir='ltr'><em>οὔτε</em></span> <span class='ocrx_word' id='word_1_375' title='bbox 905 2819 960 2846; x_wconf 72' lang='grc' dir='ltr'>τῶν</span> 
     </span>
     <span class='ocr_line' id='line_1_62' title="bbox 242 2859 957 2902; baseline -0.004 -11"><span class='ocrx_word' id='word_1_376' title='bbox 242 2859 582 2902; x_wconf 58' lang='grc' dir='ltr'><em>τετρακοσίων-ἐπειδὴ</em></span> <span class='ocrx_word' id='word_1_377' title='bbox 597 2861 618 2890; x_wconf 83' lang='grc' dir='ltr'>οἳ</span> <span class='ocrx_word' id='word_1_378' title='bbox 635 2860 799 2900; x_wconf 68' lang='grc' dir='ltr'><em>τξιίικοντα.</em></span> <span class='ocrx_word' id='word_1_379' title='bbox 815 2859 874 2888; x_wconf 85' lang='lat' dir='ltr'>nisi</span> <span class='ocrx_word' id='word_1_380' title='bbox 890 2869 957 2888; x_wconf 84' lang='lat' dir='ltr'>cum</span> 
     </span>
     <span class='ocr_line' id='line_1_63' title="bbox 242 2902 960 2942; baseline -0.006 -8"><span class='ocrx_word' id='word_1_381' title='bbox 242 2905 374 2935; x_wconf 81' lang='lat' dir='ltr'>Reiskio</span> <span class='ocrx_word' id='word_1_382' title='bbox 392 2905 467 2939; x_wconf 85' lang='lat' dir='ltr'>fere,</span> <span class='ocrx_word' id='word_1_383' title='bbox 480 2904 542 2934; x_wconf 75' lang='grc' dir='ltr'><em>οὔτε</em></span> <span class='ocrx_word' id='word_1_384' title='bbox 555 2906 608 2933; x_wconf 77' lang='grc' dir='ltr'>τῶν</span> <span class='ocrx_word' id='word_1_385' title='bbox 623 2902 811 2942; x_wconf 59' lang='grc' dir='ltr'><em>τετρακοσίων</em></span> <span class='ocrx_word' id='word_1_386' title='bbox 825 2902 888 2932; x_wconf 80' lang='grc' dir='ltr'><em>οὔτε</em></span> <span class='ocrx_word' id='word_1_387' title='bbox 905 2905 960 2932; x_wconf 79' lang='grc' dir='ltr'>τῶν</span> 
     </span>
     <span class='ocr_line' id='line_1_64' title="bbox 242 2945 961 2986; baseline -0.003 -10"><span class='ocrx_word' id='word_1_388' title='bbox 242 2947 547 2986; x_wconf 67' lang='grc' dir='ltr'><em>τριάκοντα-ἐπειδὴ</em></span> <span class='ocrx_word' id='word_1_389' title='bbox 567 2948 588 2977; x_wconf 82' lang='grc' dir='ltr'>οἱ</span> <span class='ocrx_word' id='word_1_390' title='bbox 614 2945 687 2976; x_wconf 77' lang='grc' dir='ltr'><em>δέκα.</em></span> <span class='ocrx_word' id='word_1_391' title='bbox 723 2946 784 2975; x_wconf 85' lang='lat' dir='ltr'>Sed</span> <span class='ocrx_word' id='word_1_392' title='bbox 813 2945 899 2984; x_wconf 85' lang='lat' dir='ltr'>prius</span> <span class='ocrx_word' id='word_1_393' title='bbox 927 2950 961 2974; x_wconf 83' lang='lat' dir='ltr'>ut</span> 
     </span>
    </p>
   </div>
   <div class='ocr_carea' id='block_1_3' title="bbox 582 167 1410 214">
    <p class='ocr_par' dir='ltr' id='par_1_15' title="bbox 582 167 1410 214">
     <span class='ocr_line' id='line_1_65' title="bbox 582 167 1410 214; baseline -0.004 0"><span class='ocrx_word' id='word_1_394' title='bbox 582 173 631 214; x_wconf 83' lang='lat' dir='ltr'>P.</span> <span class='ocrx_word' id='word_1_395' title='bbox 656 173 706 214; x_wconf 88' lang='lat' dir='ltr'>P.</span> <span class='ocrx_word' id='word_1_396' title='bbox 732 172 984 214; x_wconf 77' lang='lat' dir='ltr'>DOBREE</span> <span class='ocrx_word' id='word_1_397' title='bbox 1018 167 1410 213; x_wconf 72' lang='lat' dir='ltr'>ADVERSARIA</span> 
     </span>
    </p>
   </div>
   <div class='ocr_carea' id='block_1_4' title="bbox 992 285 1718 2986">
    <p class='ocr_par' dir='ltr' id='par_1_16' title="bbox 992 285 1712 542">
     <span class='ocr_line' id='line_1_66' title="bbox 993 285 1712 326; baseline -0.001 -9"><span class='ocrx_word' id='word_1_398' title='bbox 993 288 1164 317; x_wconf 79' lang='lat' dir='ltr'>orationem</span> <span class='ocrx_word' id='word_1_399' title='bbox 1187 288 1403 326; x_wconf 69' lang='lat' dir='ltr'>exagitantur3</span> <span class='ocrx_word' id='word_1_400' title='bbox 1425 287 1446 316; x_wconf 83' lang='grc' dir='ltr'>οἱ</span> <span class='ocrx_word' id='word_1_401' title='bbox 1465 285 1531 316; x_wconf 84' lang='grc' dir='ltr'><em>δέκα</em></span> <span class='ocrx_word' id='word_1_402' title='bbox 1554 289 1712 326; x_wconf 69' lang='lat' dir='ltr'>nusquam·-</span> 
     </span>
     <span class='ocr_line' id='line_1_67' title="bbox 994 329 1710 369; baseline -0.003 -9"><span class='ocrx_word' id='word_1_403' title='bbox 994 331 1161 366; x_wconf 76' lang='lat' dir='ltr'>Praeierea,</span> <span class='ocrx_word' id='word_1_404' title='bbox 1175 332 1196 360; x_wconf 84' lang='grc' dir='ltr'>οἱ</span> <span class='ocrx_word' id='word_1_405' title='bbox 1214 329 1416 365; x_wconf 58' lang='grc' dir='ltr'><em>βουλεύσαντες</em></span> <span class='ocrx_word' id='word_1_406' title='bbox 1428 330 1474 360; x_wconf 73' lang='grc' dir='ltr'>ἐπὶ</span> <span class='ocrx_word' id='word_1_407' title='bbox 1492 333 1547 359; x_wconf 73' lang='grc' dir='ltr'>τῶν</span> <span class='ocrx_word' id='word_1_408' title='bbox 1561 331 1710 369; x_wconf 63' lang='grc' dir='ltr'><em>τριάκοντα</em></span> 
     </span>
     <span class='ocr_line' id='line_1_68' title="bbox 992 373 1711 414; baseline -0.001 -12"><span class='ocrx_word' id='word_1_409' title='bbox 992 373 1078 408; x_wconf 87' lang='lat' dir='ltr'>(vide</span> <span class='ocrx_word' id='word_1_410' title='bbox 1096 384 1168 402; x_wconf 83' lang='lat' dir='ltr'>mox</span> <span class='ocrx_word' id='word_1_411' title='bbox 1193 385 1222 403; x_wconf 93' lang='lat' dir='ltr'>v.</span> <span class='ocrx_word' id='word_1_412' title='bbox 1242 373 1324 414; x_wconf 86' lang='grc'><strong>27.),</strong></span> <span class='ocrx_word' id='word_1_413' title='bbox 1341 374 1369 402; x_wconf 84' lang='lat' dir='ltr'>ni</span> <span class='ocrx_word' id='word_1_414' title='bbox 1390 374 1488 407; x_wconf 80' lang='lat' dir='ltr'>fallor,</span> <span class='ocrx_word' id='word_1_415' title='bbox 1503 373 1577 402; x_wconf 81' lang='lat' dir='ltr'>alibi</span> <span class='ocrx_word' id='word_1_416' title='bbox 1597 383 1711 402; x_wconf 82' lang='lat' dir='ltr'>memo-</span> 
     </span>
     <span class='ocr_line' id='line_1_69' title="bbox 992 414 1712 455; baseline 0 -11"><span class='ocrx_word' id='word_1_417' title='bbox 992 422 1094 446; x_wconf 85' lang='lat' dir='ltr'>rantur</span> <span class='ocrx_word' id='word_1_418' title='bbox 1106 427 1123 445; x_wconf 88' lang='lat' dir='ltr'>a</span> <span class='ocrx_word' id='word_1_419' title='bbox 1140 417 1247 455; x_wconf 85' lang='lat' dir='ltr'>Lysia,</span> <span class='ocrx_word' id='word_1_420' title='bbox 1263 421 1295 445; x_wconf 81' lang='lat' dir='ltr'>ut</span> <span class='ocrx_word' id='word_1_421' title='bbox 1305 416 1427 454; x_wconf 77' lang='lat' dir='ltr'>excepti</span> <span class='ocrx_word' id='word_1_422' title='bbox 1441 415 1466 445; x_wconf 80' lang='grc' dir='ltr'>ἐν</span> <span class='ocrx_word' id='word_1_423' title='bbox 1475 417 1542 449; x_wconf 78' lang='grc' dir='ltr'><em>ταῖς</em></span> <span class='ocrx_word' id='word_1_424' title='bbox 1554 414 1712 448; x_wconf 58' lang='lat' dir='ltr'>caveham.</span> 
     </span>
     <span class='ocr_line' id='line_1_70' title="bbox 992 458 1711 498; baseline -0.001 -10"><span class='ocrx_word' id='word_1_425' title='bbox 992 459 1055 488; x_wconf 86' lang='lat' dir='ltr'>Hic</span> <span class='ocrx_word' id='word_1_426' title='bbox 1082 470 1114 498; x_wconf 91' lang='lat' dir='ltr'>p.</span> <span class='ocrx_word' id='word_1_427' title='bbox 1136 462 1188 490; x_wconf 81' lang='lat'>97.</span> <span class='ocrx_word' id='word_1_428' title='bbox 1221 460 1300 488; x_wconf 87' lang='lat' dir='ltr'>Vide</span> <span class='ocrx_word' id='word_1_429' title='bbox 1323 469 1354 498; x_wconf 90' lang='lat' dir='ltr'>p.</span> <span class='ocrx_word' id='word_1_430' title='bbox 1376 461 1450 494; x_wconf 88' lang='lat'>176,</span> <span class='ocrx_word' id='word_1_431' title='bbox 1474 461 1524 488; x_wconf 89' lang='lat'>12.</span> <span class='ocrx_word' id='word_1_432' title='bbox 1558 459 1656 488; x_wconf 84' lang='lat' dir='ltr'>Isocr.</span> <span class='ocrx_word' id='word_1_433' title='bbox 1672 458 1711 486; x_wconf 84' lang='lat' dir='ltr'>dc</span> 
     </span>
     <span class='ocr_line' id='line_1_71' title="bbox 992 501 1195 542; baseline 0.015 -12"><span class='ocrx_word' id='word_1_434' title='bbox 992 501 1084 541; x_wconf 86' lang='lat' dir='ltr'>Bigis</span> <span class='ocrx_word' id='word_1_435' title='bbox 1102 503 1126 542; x_wconf 54' lang='grc' dir='ltr'>ᾗ.</span> <span class='ocrx_word' id='word_1_436' title='bbox 1143 505 1195 533; x_wconf 87' lang='grc'>53.</span> 
     </span>
    </p>

    <p class='ocr_par' dir='ltr' id='par_1_17' title="bbox 992 543 1714 712">
     <span class='ocr_line' id='line_1_72' title="bbox 1036 543 1712 583; baseline -0.003 -9"><span class='ocrx_word' id='word_1_437' title='bbox 1036 548 1075 574; x_wconf 91' lang='grc'>17</span> <span class='ocrx_word' id='word_1_438' title='bbox 1080 548 1110 580; x_wconf 81' lang='lat'>2,</span> <span class='ocrx_word' id='word_1_439' title='bbox 1126 547 1178 576; x_wconf 80' lang='lat'>33.</span> <span class='ocrx_word' id='word_1_440' title='bbox 1203 544 1374 583; x_wconf 56' lang='grc' dir='ltr'><em>συμφοραῖς.</em></span> <span class='ocrx_word' id='word_1_441' title='bbox 1407 544 1486 573; x_wconf 82' lang='lat' dir='ltr'>Mox</span> <span class='ocrx_word' id='word_1_442' title='bbox 1518 543 1655 582; x_wconf 64' lang='grc' dir='ltr'><em>συμφορᾷ</em></span> <span class='ocrx_word' id='word_1_443' title='bbox 1681 553 1712 572; x_wconf 87' lang='grc' dir='ltr'>ν.</span> 
     </span>
     <span class='ocr_line' id='line_1_73' title="bbox 992 587 1714 628; baseline -0.004 -11"><span class='ocrx_word' id='word_1_444' title='bbox 992 589 1045 617; x_wconf 71' lang='lat'>34.</span> <span class='ocrx_word' id='word_1_445' title='bbox 1069 593 1098 616; x_wconf 85' lang='lat' dir='ltr'>et</span> <span class='ocrx_word' id='word_1_446' title='bbox 1120 591 1272 628; x_wconf 60' lang='grc' dir='ltr'><em>συμφορῶν</em></span> <span class='ocrx_word' id='word_1_447' title='bbox 1293 590 1345 617; x_wconf 80' lang='grc'>39.</span> <span class='ocrx_word' id='word_1_448' title='bbox 1370 588 1449 626; x_wconf 91' lang='lat' dir='ltr'>quod</span> <span class='ocrx_word' id='word_1_449' title='bbox 1474 587 1503 615; x_wconf 90' lang='lat' dir='ltr'>in</span> <span class='ocrx_word' id='word_1_450' title='bbox 1529 594 1588 616; x_wconf 84' lang='lat' dir='ltr'>tam</span> <span class='ocrx_word' id='word_1_451' title='bbox 1607 590 1714 615; x_wconf 84' lang='lat' dir='ltr'>ornata</span> 
     </span>
     <span class='ocr_line' id='line_1_74' title="bbox 993 629 1714 670; baseline -0.001 -12"><span class='ocrx_word' id='word_1_452' title='bbox 993 630 1131 660; x_wconf 81' lang='lat' dir='ltr'>oratione</span> <span class='ocrx_word' id='word_1_453' title='bbox 1157 632 1208 660; x_wconf 88' lang='lat' dir='ltr'>vix</span> <span class='ocrx_word' id='word_1_454' title='bbox 1228 641 1397 668; x_wconf 82' lang='lat' dir='ltr'>concoquo.</span> <span class='ocrx_word' id='word_1_455' title='bbox 1434 630 1538 659; x_wconf 82' lang='lat' dir='ltr'>Fuerit</span> <span class='ocrx_word' id='word_1_456' title='bbox 1555 629 1714 670; x_wconf 73' lang='grc' dir='ltr'><em>δυστυχία,</em></span> 
     </span>
     <span class='ocr_line' id='line_1_75' title="bbox 993 674 1514 712; baseline 0 -10"><span class='ocrx_word' id='word_1_457' title='bbox 993 674 1042 702; x_wconf 85' lang='lat' dir='ltr'>vel</span> <span class='ocrx_word' id='word_1_458' title='bbox 1061 674 1119 702; x_wconf 83' lang='lat' dir='ltr'>alia</span> <span class='ocrx_word' id='word_1_459' title='bbox 1137 684 1209 703; x_wconf 88' lang='lat' dir='ltr'>vox.</span> <span class='ocrx_word' id='word_1_460' title='bbox 1232 674 1313 703; x_wconf 89' lang='lat' dir='ltr'>Vide</span> <span class='ocrx_word' id='word_1_461' title='bbox 1329 684 1358 712; x_wconf 90' lang='lat' dir='ltr'>p.</span> <span class='ocrx_word' id='word_1_462' title='bbox 1375 675 1446 708; x_wconf 85' lang='lat'>182,</span> <span class='ocrx_word' id='word_1_463' title='bbox 1464 675 1514 702; x_wconf 85' lang='lat'>19.</span> 
     </span>
    </p>

    <p class='ocr_par' dir='ltr' id='par_1_18' title="bbox 992 713 1715 1226">
     <span class='ocr_line' id='line_1_76' title="bbox 1036 713 1711 753; baseline -0.004 -8"><span class='ocrx_word' id='word_1_464' title='bbox 1036 718 1111 751; x_wconf 71' lang='grc'><strong>172,</strong></span> <span class='ocrx_word' id='word_1_465' title='bbox 1126 719 1178 747; x_wconf 83' lang='grc'>37.</span> <span class='ocrx_word' id='word_1_466' title='bbox 1194 717 1364 753; x_wconf 76' lang='grc' dir='ltr'><em>κατάλογον.</em></span> <span class='ocrx_word' id='word_1_467' title='bbox 1388 716 1466 745; x_wconf 86' lang='lat' dir='ltr'>Vide</span> <span class='ocrx_word' id='word_1_468' title='bbox 1479 713 1660 745; x_wconf 81' lang='lat' dir='ltr'>Schneider.</span> <span class='ocrx_word' id='word_1_469' title='bbox 1673 713 1711 742; x_wconf 88' lang='lat' dir='ltr'>ad</span> 
     </span>
     <span class='ocr_line' id='line_1_77' title="bbox 994 757 1712 797; baseline -0.001 -10"><span class='ocrx_word' id='word_1_470' title='bbox 994 759 1145 797; x_wconf 84' lang='lat' dir='ltr'>Xenoph.</span> <span class='ocrx_word' id='word_1_471' title='bbox 1178 759 1303 788; x_wconf 86' lang='lat' dir='ltr'>Hellen.</span> <span class='ocrx_word' id='word_1_472' title='bbox 1332 758 1378 788; x_wconf 90' lang='lat'>11.</span> <span class='ocrx_word' id='word_1_473' title='bbox 1402 761 1435 792; x_wconf 84' lang='lat'>3.</span> <span class='ocrx_word' id='word_1_474' title='bbox 1462 761 1514 788; x_wconf 87' lang='grc'>20.</span> <span class='ocrx_word' id='word_1_475' title='bbox 1546 757 1597 795; x_wconf 88' lang='lat' dir='ltr'>qui</span> <span class='ocrx_word' id='word_1_476' title='bbox 1629 761 1712 786; x_wconf 84' lang='lat' dir='ltr'>recte</span> 
     </span>
     <span class='ocr_line' id='line_1_78' title="bbox 996 799 1714 840; baseline -0.001 -11"><span class='ocrx_word' id='word_1_477' title='bbox 996 801 1153 831; x_wconf 65' lang='lat' dir='ltr'>lteiskium</span> <span class='ocrx_word' id='word_1_478' title='bbox 1167 801 1375 840; x_wconf 71' lang='lat' dir='ltr'>reprehendit.</span> <span class='ocrx_word' id='word_1_479' title='bbox 1398 801 1447 830; x_wconf 84' lang='lat' dir='ltr'>An</span> <span class='ocrx_word' id='word_1_480' title='bbox 1460 799 1714 837; x_wconf 76' lang='lat' dir='ltr'>recteintelligat,</span> 
     </span>
     <span class='ocr_line' id='line_1_79' title="bbox 993 844 1712 882; baseline -0.001 -10"><span class='ocrx_word' id='word_1_481' title='bbox 993 844 1165 882; x_wconf 77' lang='lat' dir='ltr'>catalogum</span> <span class='ocrx_word' id='word_1_482' title='bbox 1196 844 1450 882; x_wconf 76' lang='lat' dir='ltr'>proscriptorum,</span> <span class='ocrx_word' id='word_1_483' title='bbox 1486 844 1604 877; x_wconf 90' lang='lat' dir='ltr'>dubito,</span> <span class='ocrx_word' id='word_1_484' title='bbox 1643 852 1712 871; x_wconf 87' lang='lat' dir='ltr'>cum</span> 
     </span>
     <span class='ocr_line' id='line_1_80' title="bbox 993 883 1713 926; baseline 0 -11"><span class='ocrx_word' id='word_1_485' title='bbox 993 887 1093 924; x_wconf 80' lang='lat' dir='ltr'>possit</span> <span class='ocrx_word' id='word_1_486' title='bbox 1114 886 1223 925; x_wconf 82' lang='lat' dir='ltr'>accipi,</span> <span class='ocrx_word' id='word_1_487' title='bbox 1239 889 1380 917; x_wconf 79' lang='lat' dir='ltr'>neminem</span> <span class='ocrx_word' id='word_1_488' title='bbox 1404 889 1436 916; x_wconf 83' lang='lat' dir='ltr'>in</span> <span class='ocrx_word' id='word_1_489' title='bbox 1455 887 1519 919; x_wconf 70' lang='grc' dir='ltr'><em>τοὺς</em></span> <span class='ocrx_word' id='word_1_490' title='bbox 1534 883 1713 926; x_wconf 79' lang='grc' dir='ltr'><em>τρισχιλίους</em></span> 
     </span>
     <span class='ocr_line' id='line_1_81' title="bbox 992 928 1714 969; baseline -0.001 -11"><span class='ocrx_word' id='word_1_491' title='bbox 992 930 1100 958; x_wconf 66' lang='lat' dir='ltr'>adsciti</span> <span class='ocrx_word' id='word_1_492' title='bbox 1118 930 1207 969; x_wconf 84' lang='lat' dir='ltr'>(vide</span> <span class='ocrx_word' id='word_1_493' title='bbox 1229 930 1258 958; x_wconf 92' lang='lat' dir='ltr'>in</span> <span class='ocrx_word' id='word_1_494' title='bbox 1275 941 1306 959; x_wconf 86' lang='lat' dir='ltr'>re</span> <span class='ocrx_word' id='word_1_495' title='bbox 1324 930 1414 959; x_wconf 89' lang='lat' dir='ltr'>simili</span> <span class='ocrx_word' id='word_1_496' title='bbox 1430 941 1461 968; x_wconf 90' lang='lat' dir='ltr'>p.</span> <span class='ocrx_word' id='word_1_497' title='bbox 1480 932 1550 963; x_wconf 83' lang='lat'>159,</span> <span class='ocrx_word' id='word_1_498' title='bbox 1567 928 1654 967; x_wconf 86' lang='lat'>10.):</span> <span class='ocrx_word' id='word_1_499' title='bbox 1679 932 1714 958; x_wconf 86' lang='lat' dir='ltr'>ut</span> 
     </span>
     <span class='ocr_line' id='line_1_82' title="bbox 994 969 1714 1011; baseline -0.003 -10"><span class='ocrx_word' id='word_1_500' title='bbox 994 972 1034 1001; x_wconf 88' lang='lat' dir='ltr'>sit</span> <span class='ocrx_word' id='word_1_501' title='bbox 1049 973 1232 1010; x_wconf 76' lang='lat' dir='ltr'>epexegesis</span> <span class='ocrx_word' id='word_1_502' title='bbox 1248 973 1376 1002; x_wconf 85' lang='lat' dir='ltr'>istorum</span> <span class='ocrx_word' id='word_1_503' title='bbox 1394 983 1498 1011; x_wconf 87' lang='lat' dir='ltr'>supra,</span> <span class='ocrx_word' id='word_1_504' title='bbox 1515 972 1577 1002; x_wconf 73' lang='grc' dir='ltr'><em>οὔτε</em></span> <span class='ocrx_word' id='word_1_505' title='bbox 1595 973 1650 1000; x_wconf 79' lang='grc' dir='ltr'>τῶν</span> <span class='ocrx_word' id='word_1_506' title='bbox 1668 969 1714 1010; x_wconf 77' lang='grc' dir='ltr'>φί-</span> 
     </span>
     <span class='ocr_line' id='line_1_83' title="bbox 993 1013 1713 1057; baseline 0.001 -14"><span class='ocrx_word' id='word_1_507' title='bbox 993 1021 1047 1043; x_wconf 80' lang='grc' dir='ltr'>λων</span> <span class='ocrx_word' id='word_1_508' title='bbox 1057 1013 1085 1044; x_wconf 72' lang='grc' dir='ltr'>εὖ</span> <span class='ocrx_word' id='word_1_509' title='bbox 1096 1014 1248 1050; x_wconf 74' lang='grc' dir='ltr'><em>πεπονθὼς,</em></span> <span class='ocrx_word' id='word_1_510' title='bbox 1263 1016 1444 1054; x_wconf 80' lang='lat' dir='ltr'>quibuscum</span> <span class='ocrx_word' id='word_1_511' title='bbox 1461 1016 1577 1050; x_wconf 79' lang='lat' dir='ltr'>confer,</span> <span class='ocrx_word' id='word_1_512' title='bbox 1593 1025 1626 1057; x_wconf 82' lang='lat' dir='ltr'>p.</span> <span class='ocrx_word' id='word_1_513' title='bbox 1640 1015 1713 1049; x_wconf 89' lang='lat'>115,</span> 
     </span>
     <span class='ocr_line' id='line_1_84' title="bbox 993 1057 1715 1096; baseline -0.003 -8"><span class='ocrx_word' id='word_1_514' title='bbox 993 1061 1044 1088; x_wconf 82' lang='lat'>22.</span> <span class='ocrx_word' id='word_1_515' title='bbox 1078 1059 1138 1087; x_wconf 87' lang='lat' dir='ltr'>Sed</span> <span class='ocrx_word' id='word_1_516' title='bbox 1157 1060 1253 1088; x_wconf 73' lang='lat' dir='ltr'>fateor</span> <span class='ocrx_word' id='word_1_517' title='bbox 1268 1068 1380 1087; x_wconf 85' lang='lat' dir='ltr'>nexum</span> <span class='ocrx_word' id='word_1_518' title='bbox 1396 1058 1542 1087; x_wconf 84' lang='lat' dir='ltr'>orationis</span> <span class='ocrx_word' id='word_1_519' title='bbox 1558 1057 1662 1096; x_wconf 87' lang='lat' dir='ltr'>potius</span> <span class='ocrx_word' id='word_1_520' title='bbox 1678 1068 1715 1087; x_wconf 91' lang='lat' dir='ltr'>eo</span> 
     </span>
     <span class='ocr_line' id='line_1_85' title="bbox 993 1099 1715 1140; baseline -0.003 -10"><span class='ocrx_word' id='word_1_521' title='bbox 993 1101 1121 1136; x_wconf 89' lang='lat' dir='ltr'>ducere,</span> <span class='ocrx_word' id='word_1_522' title='bbox 1147 1107 1177 1131; x_wconf 87' lang='lat' dir='ltr'>ut</span> <span class='ocrx_word' id='word_1_523' title='bbox 1202 1102 1262 1130; x_wconf 79' lang='lat' dir='ltr'>sint</span> <span class='ocrx_word' id='word_1_524' title='bbox 1283 1102 1348 1130; x_wconf 82' lang='lat' dir='ltr'>liaec</span> <span class='ocrx_word' id='word_1_525' title='bbox 1370 1101 1450 1130; x_wconf 89' lang='lat' dir='ltr'>inter</span> <span class='ocrx_word' id='word_1_526' title='bbox 1471 1101 1550 1130; x_wconf 77' lang='lat' dir='ltr'>‘mala</span> <span class='ocrx_word' id='word_1_527' title='bbox 1569 1111 1587 1129; x_wconf 86' lang='lat' dir='ltr'>a</span> <span class='ocrx_word' id='word_1_528' title='bbox 1611 1099 1715 1140; x_wconf 80' lang='lat' dir='ltr'>quibus</span> 
     </span>
     <span class='ocr_line' id='line_1_86' title="bbox 993 1143 1714 1183; baseline -0.001 -10"><span class='ocrx_word' id='word_1_529' title='bbox 993 1144 1161 1174; x_wconf 72' lang='lat' dir='ltr'>abstinuisse</span> <span class='ocrx_word' id='word_1_530' title='bbox 1173 1155 1200 1174; x_wconf 84' lang='lat' dir='ltr'>se</span> <span class='ocrx_word' id='word_1_531' title='bbox 1209 1145 1299 1181; x_wconf 57' lang='lat' dir='ltr'>diem</span> <span class='ocrx_word' id='word_1_532' title='bbox 1324 1144 1453 1183; x_wconf 89' lang='lat' dir='ltr'>proinde</span> <span class='ocrx_word' id='word_1_533' title='bbox 1466 1154 1535 1174; x_wconf 85' lang='lat' dir='ltr'>cum</span> <span class='ocrx_word' id='word_1_534' title='bbox 1546 1143 1714 1173; x_wconf 85' lang='lat' dir='ltr'>Scheidero</span> 
     </span>
     <span class='ocr_line' id='line_1_87' title="bbox 994 1197 1186 1226; baseline 0.005 -10"><span class='ocrx_word' id='word_1_535' title='bbox 994 1197 1053 1216; x_wconf 90' lang='lat' dir='ltr'>non</span> <span class='ocrx_word' id='word_1_536' title='bbox 1071 1197 1186 1226; x_wconf 81' lang='lat' dir='ltr'>pugno.</span> 
     </span>
    </p>

    <p class='ocr_par' dir='ltr' id='par_1_19' title="bbox 995 1228 1716 1310">
     <span class='ocr_line' id='line_1_88' title="bbox 1039 1228 1716 1271; baseline -0.001 -12"><span class='ocrx_word' id='word_1_537' title='bbox 1039 1229 1134 1271; x_wconf 76' lang='lat'>[155]</span> <span class='ocrx_word' id='word_1_538' title='bbox 1162 1232 1234 1266; x_wconf 85' lang='lat'>173,</span> <span class='ocrx_word' id='word_1_539' title='bbox 1251 1233 1280 1261; x_wconf 89' lang='grc'>9.</span> <span class='ocrx_word' id='word_1_540' title='bbox 1306 1229 1406 1260; x_wconf 87' lang='lat' dir='ltr'>Recte</span> <span class='ocrx_word' id='word_1_541' title='bbox 1422 1229 1530 1269; x_wconf 87' lang='lat' dir='ltr'>opinor</span> <span class='ocrx_word' id='word_1_542' title='bbox 1550 1228 1716 1268; x_wconf 83' lang='lat' dir='ltr'>distinguit</span> 
     </span>
     <span class='ocr_line' id='line_1_89' title="bbox 995 1272 1713 1310; baseline 0 -8"><span class='ocrx_word' id='word_1_543' title='bbox 995 1274 1171 1303; x_wconf 87' lang='lat' dir='ltr'>Bekkerus.</span> <span class='ocrx_word' id='word_1_544' title='bbox 1196 1274 1317 1303; x_wconf 86' lang='lat' dir='ltr'>Deinde</span> <span class='ocrx_word' id='word_1_545' title='bbox 1334 1274 1436 1303; x_wconf 86' lang='lat' dir='ltr'>malim</span> <span class='ocrx_word' id='word_1_546' title='bbox 1454 1272 1713 1310; x_wconf 68' lang='grc' dir='ltr'><em>ὑπολειφθήσεται.</em></span> 
     </span>
    </p>

    <p class='ocr_par' dir='ltr' id='par_1_20' title="bbox 993 1315 1717 1656">
     <span class='ocr_line' id='line_1_90' title="bbox 1039 1315 1715 1355; baseline -0.003 -10"><span class='ocrx_word' id='word_1_547' title='bbox 1039 1318 1113 1351; x_wconf 84' lang='grc'><strong>173,</strong></span> <span class='ocrx_word' id='word_1_548' title='bbox 1134 1320 1184 1346; x_wconf 94' lang='grc'>11.</span> <span class='ocrx_word' id='word_1_549' title='bbox 1208 1315 1255 1346; x_wconf 75' lang='grc' dir='ltr'>ἐπὶ</span> <span class='ocrx_word' id='word_1_550' title='bbox 1278 1317 1338 1350; x_wconf 81' lang='grc' dir='ltr'><em>τοῖς</em></span> <span class='ocrx_word' id='word_1_551' title='bbox 1361 1315 1506 1355; x_wconf 80' lang='grc' dir='ltr'><em>ὑμετέροις</em></span> <span class='ocrx_word' id='word_1_552' title='bbox 1534 1315 1715 1354; x_wconf 77' lang='grc' dir='ltr'><em>ἐδωροδόκουν.</em></span> 
     </span>
     <span class='ocr_line' id='line_1_91' title="bbox 994 1358 1715 1399; baseline -0.001 -11"><span class='ocrx_word' id='word_1_553' title='bbox 994 1359 1109 1389; x_wconf 83' lang='lat' dir='ltr'>Facilis</span> <span class='ocrx_word' id='word_1_554' title='bbox 1123 1358 1344 1399; x_wconf 65' lang='lat' dir='ltr'>suspicio,i.‘r.</span> <span class='ocrx_word' id='word_1_555' title='bbox 1359 1360 1489 1394; x_wconf 75' lang='grc' dir='ltr'><em>ὑ.κακοῖς</em></span> <span class='ocrx_word' id='word_1_556' title='bbox 1505 1358 1527 1388; x_wconf 78' lang='grc' dir='ltr'>ἐ.</span> <span class='ocrx_word' id='word_1_557' title='bbox 1542 1359 1595 1388; x_wconf 88' lang='lat' dir='ltr'>sed</span> <span class='ocrx_word' id='word_1_558' title='bbox 1608 1368 1715 1388; x_wconf 83' lang='lat' dir='ltr'>rursus</span> 
     </span>
     <span class='ocr_line' id='line_1_92' title="bbox 995 1402 1715 1442; baseline -0.003 -11"><span class='ocrx_word' id='word_1_559' title='bbox 995 1403 1101 1432; x_wconf 79' lang='lat' dir='ltr'>eadem</span> <span class='ocrx_word' id='word_1_560' title='bbox 1127 1405 1220 1432; x_wconf 80' lang='lat' dir='ltr'>verba</span> <span class='ocrx_word' id='word_1_561' title='bbox 1245 1414 1274 1442; x_wconf 89' lang='lat' dir='ltr'>p.</span> <span class='ocrx_word' id='word_1_562' title='bbox 1293 1405 1366 1437; x_wconf 83' lang='grc'><strong>182,</strong></span> <span class='ocrx_word' id='word_1_563' title='bbox 1383 1405 1436 1433; x_wconf 79' lang='grc'>24.</span> <span class='ocrx_word' id='word_1_564' title='bbox 1468 1403 1501 1432; x_wconf 91' lang='lat' dir='ltr'>Si</span> <span class='ocrx_word' id='word_1_565' title='bbox 1518 1402 1648 1431; x_wconf 83' lang='lat' dir='ltr'>addatur</span> <span class='ocrx_word' id='word_1_566' title='bbox 1662 1411 1715 1430; x_wconf 84' lang='grc' dir='ltr'><em>κα-</em></span> 
     </span>
     <span class='ocr_line' id='line_1_93' title="bbox 993 1445 1715 1484; baseline 0 -11"><span class='ocrx_word' id='word_1_567' title='bbox 993 1446 1062 1480; x_wconf 83' lang='grc' dir='ltr'><strong>κοῖς,</strong></span> <span class='ocrx_word' id='word_1_568' title='bbox 1075 1456 1183 1475; x_wconf 81' lang='lat' dir='ltr'>sensus</span> <span class='ocrx_word' id='word_1_569' title='bbox 1196 1445 1253 1475; x_wconf 85' lang='lat' dir='ltr'>erit</span> <span class='ocrx_word' id='word_1_570' title='bbox 1266 1446 1345 1475; x_wconf 89' lang='lat' dir='ltr'>idem</span> <span class='ocrx_word' id='word_1_571' title='bbox 1361 1451 1451 1484; x_wconf 81' lang='lat' dir='ltr'>atque</span> <span class='ocrx_word' id='word_1_572' title='bbox 1466 1447 1540 1481; x_wconf 86' lang='lat'>172,</span> <span class='ocrx_word' id='word_1_573' title='bbox 1556 1446 1609 1475; x_wconf 78' lang='lat'>38.</span> <span class='ocrx_word' id='word_1_574' title='bbox 1625 1450 1715 1474; x_wconf 76' lang='grc' dir='ltr'><em>πλου-</em></span> 
     </span>
     <span class='ocr_line' id='line_1_94' title="bbox 996 1486 1716 1529; baseline 0 -13"><span class='ocrx_word' id='word_1_575' title='bbox 996 1490 1127 1527; x_wconf 67' lang='grc' dir='ltr'><em>σιώτεςος</em></span> <span class='ocrx_word' id='word_1_576' title='bbox 1142 1488 1173 1518; x_wconf 78' lang='grc' dir='ltr'>ἐκ</span> <span class='ocrx_word' id='word_1_577' title='bbox 1188 1491 1242 1518; x_wconf 76' lang='grc' dir='ltr'>τῶν</span> <span class='ocrx_word' id='word_1_578' title='bbox 1256 1487 1399 1529; x_wconf 76' lang='grc' dir='ltr'><em>ὑμετέρων</em></span> <span class='ocrx_word' id='word_1_579' title='bbox 1409 1486 1588 1527; x_wconf 80' lang='grc' dir='ltr'><em>γεγενημένος</em></span> <span class='ocrx_word' id='word_1_580' title='bbox 1598 1494 1716 1527; x_wconf 78' lang='grc' dir='ltr'><em>συμφο-</em></span> 
     </span>
     <span class='ocr_line' id='line_1_95' title="bbox 996 1531 1716 1570; baseline -0.001 -11"><span class='ocrx_word' id='word_1_581' title='bbox 996 1533 1054 1570; x_wconf 73' lang='grc' dir='ltr'><strong>ρῶν.</strong></span> <span class='ocrx_word' id='word_1_582' title='bbox 1080 1531 1152 1561; x_wconf 82' lang='lat' dir='ltr'>vide</span> <span class='ocrx_word' id='word_1_583' title='bbox 1177 1539 1208 1561; x_wconf 87' lang='lat' dir='ltr'>et</span> <span class='ocrx_word' id='word_1_584' title='bbox 1228 1542 1257 1570; x_wconf 88' lang='lat' dir='ltr'>p.</span> <span class='ocrx_word' id='word_1_585' title='bbox 1276 1534 1350 1567; x_wconf 84' lang='lat'>163,</span> <span class='ocrx_word' id='word_1_586' title='bbox 1366 1533 1419 1562; x_wconf 87' lang='lat'>33.</span> <span class='ocrx_word' id='word_1_587' title='bbox 1449 1531 1509 1561; x_wconf 86' lang='lat' dir='ltr'>Sed</span> <span class='ocrx_word' id='word_1_588' title='bbox 1533 1531 1596 1560; x_wconf 88' lang='lat' dir='ltr'>sine</span> <span class='ocrx_word' id='word_1_589' title='bbox 1619 1531 1716 1563; x_wconf 76' lang='grc' dir='ltr'><em>κακοῖς</em></span> 
     </span>
     <span class='ocr_line' id='line_1_96' title="bbox 997 1574 1717 1613; baseline 0.001 -11"><span class='ocrx_word' id='word_1_590' title='bbox 997 1584 1106 1604; x_wconf 79' lang='lat' dir='ltr'>sensus</span> <span class='ocrx_word' id='word_1_591' title='bbox 1136 1576 1281 1613; x_wconf 81' lang='lat' dir='ltr'>optimus,</span> <span class='ocrx_word' id='word_1_592' title='bbox 1313 1574 1399 1613; x_wconf 85' lang='lat' dir='ltr'>quasi</span> <span class='ocrx_word' id='word_1_593' title='bbox 1425 1574 1568 1608; x_wconf 79' lang='lat' dir='ltr'>dixisset,</span> <span class='ocrx_word' id='word_1_594' title='bbox 1599 1575 1638 1603; x_wconf 78' lang='grc' dir='ltr'>τοὶ</span> <span class='ocrx_word' id='word_1_595' title='bbox 1665 1574 1717 1607; x_wconf 67' lang='grc' dir='ltr'>τῆς</span> 
     </span>
     <span class='ocr_line' id='line_1_97' title="bbox 997 1616 1627 1656; baseline 0 -10"><span class='ocrx_word' id='word_1_596' title='bbox 997 1616 1105 1651; x_wconf 75' lang='grc' dir='ltr'><em>πόλεως</em></span> <span class='ocrx_word' id='word_1_597' title='bbox 1119 1616 1358 1656; x_wconf 78' lang='grc' dir='ltr'><em>κατεδωροδόκουν.</em></span> <span class='ocrx_word' id='word_1_598' title='bbox 1375 1617 1446 1647; x_wconf 87' lang='lat' dir='ltr'>vide</span> <span class='ocrx_word' id='word_1_599' title='bbox 1463 1628 1492 1656; x_wconf 91' lang='lat' dir='ltr'>p.</span> <span class='ocrx_word' id='word_1_600' title='bbox 1508 1619 1582 1651; x_wconf 87' lang='lat'>178,</span> <span class='ocrx_word' id='word_1_601' title='bbox 1596 1618 1627 1646; x_wconf 87' lang='lat'>6.</span> 
     </span>
    </p>

    <p class='ocr_par' dir='ltr' id='par_1_21' title="bbox 996 1658 1718 1861">
     <span class='ocr_line' id='line_1_98' title="bbox 1042 1658 1718 1699; baseline -0.001 -11"><span class='ocrx_word' id='word_1_602' title='bbox 1042 1662 1116 1695; x_wconf 87' lang='lat'>173,</span> <span class='ocrx_word' id='word_1_603' title='bbox 1140 1663 1192 1691; x_wconf 78' lang='lat'>24.</span> <span class='ocrx_word' id='word_1_604' title='bbox 1226 1659 1352 1699; x_wconf 72' lang='grc' dir='ltr'><em>ὑμετέςα</em></span> <span class='ocrx_word' id='word_1_605' title='bbox 1375 1661 1464 1699; x_wconf 66' lang='grc' dir='ltr'><strong>φυγῇ,</strong></span> <span class='ocrx_word' id='word_1_606' title='bbox 1486 1660 1506 1689; x_wconf 89' lang='lat' dir='ltr'>i.</span> <span class='ocrx_word' id='word_1_607' title='bbox 1524 1670 1552 1689; x_wconf 87' lang='lat' dir='ltr'>e.</span> <span class='ocrx_word' id='word_1_608' title='bbox 1573 1658 1641 1698; x_wconf 74' lang='grc' dir='ltr'>ὑμῖν</span> <span class='ocrx_word' id='word_1_609' title='bbox 1657 1658 1718 1692; x_wconf 82' lang='grc' dir='ltr'><em>τοῖς</em></span> 
     </span>
     <span class='ocr_line' id='line_1_99' title="bbox 996 1702 1716 1742; baseline 0 -11"><span class='ocrx_word' id='word_1_610' title='bbox 996 1702 1155 1741; x_wconf 70' lang='grc' dir='ltr'><em>φεύγουσιν,</em></span> <span class='ocrx_word' id='word_1_611' title='bbox 1165 1704 1348 1742; x_wconf 82' lang='lat' dir='ltr'>utTliucyd.</span> <span class='ocrx_word' id='word_1_612' title='bbox 1365 1704 1459 1732; x_wconf 83' lang='lat' dir='ltr'>VlII.</span> <span class='ocrx_word' id='word_1_613' title='bbox 1472 1705 1524 1733; x_wconf 73' lang='lat'>64.</span> <span class='ocrx_word' id='word_1_614' title='bbox 1536 1713 1566 1741; x_wconf 86' lang='lat' dir='ltr'>p.</span> <span class='ocrx_word' id='word_1_615' title='bbox 1576 1705 1651 1737; x_wconf 79' lang='lat'>542,</span> <span class='ocrx_word' id='word_1_616' title='bbox 1662 1703 1716 1732; x_wconf 90' lang='grc'>35.</span> 
     </span>
     <span class='ocr_line' id='line_1_100' title="bbox 998 1744 1715 1779; baseline -0.001 -5"><span class='ocrx_word' id='word_1_617' title='bbox 998 1746 1083 1775; x_wconf 87' lang='lat' dir='ltr'>Duk.</span> <span class='ocrx_word' id='word_1_618' title='bbox 1125 1746 1246 1776; x_wconf 87' lang='lat' dir='ltr'>Deinde</span> <span class='ocrx_word' id='word_1_619' title='bbox 1273 1746 1368 1775; x_wconf 81' lang='lat' dir='ltr'>verba</span> <span class='ocrx_word' id='word_1_620' title='bbox 1395 1744 1427 1774; x_wconf 76' lang='grc' dir='ltr'>ἐκ</span> <span class='ocrx_word' id='word_1_621' title='bbox 1453 1746 1504 1776; x_wconf 80' lang='grc' dir='ltr'>τοῦ</span> <span class='ocrx_word' id='word_1_622' title='bbox 1532 1745 1635 1779; x_wconf 83' lang='grc' dir='ltr'><em>ἄστεος</em></span> <span class='ocrx_word' id='word_1_623' title='bbox 1667 1744 1715 1773; x_wconf 80' lang='lat' dir='ltr'>vel</span> 
     </span>
     <span class='ocr_line' id='line_1_101' title="bbox 997 1787 1717 1830; baseline 0 -13"><span class='ocrx_word' id='word_1_624' title='bbox 997 1789 1223 1826; x_wconf 80' lang='lat' dir='ltr'>transponenda</span> <span class='ocrx_word' id='word_1_625' title='bbox 1239 1799 1308 1818; x_wconf 89' lang='lat' dir='ltr'>cum</span> <span class='ocrx_word' id='word_1_626' title='bbox 1319 1787 1468 1830; x_wconf 60' lang='lat' dir='ltr'>Taffloro,</span> <span class='ocrx_word' id='word_1_627' title='bbox 1483 1788 1532 1819; x_wconf 89' lang='lat' dir='ltr'>vel</span> <span class='ocrx_word' id='word_1_628' title='bbox 1549 1788 1652 1827; x_wconf 87' lang='lat' dir='ltr'>potius</span> <span class='ocrx_word' id='word_1_629' title='bbox 1663 1788 1717 1817; x_wconf 89' lang='lat' dir='ltr'>de-</span> 
     </span>
     <span class='ocr_line' id='line_1_102' title="bbox 996 1831 1258 1861; baseline 0.015 -2"><span class='ocrx_word' id='word_1_630' title='bbox 996 1831 1097 1861; x_wconf 90' lang='lat' dir='ltr'>lenda.</span> <span class='ocrx_word' id='word_1_631' title='bbox 1255 1854 1258 1855; x_wconf 31' lang='grc' dir='ltr'><em>ν</em></span> 
     </span>
    </p>

    <p class='ocr_par' dir='ltr' id='par_1_22' title="bbox 992 1874 1718 2342">
     <span class='ocr_line' id='line_1_103' title="bbox 1042 1874 1714 1914; baseline 0 -10"><span class='ocrx_word' id='word_1_632' title='bbox 1042 1875 1114 1910; x_wconf 80' lang='grc'><strong>173,</strong></span> <span class='ocrx_word' id='word_1_633' title='bbox 1132 1876 1183 1904; x_wconf 84' lang='lat'>27.</span> <span class='ocrx_word' id='word_1_634' title='bbox 1200 1875 1279 1914; x_wconf 69' lang='grc' dir='ltr'>ἡμῶν</span> <span class='ocrx_word' id='word_1_635' title='bbox 1294 1874 1433 1904; x_wconf 77' lang='lat' dir='ltr'>Bekker.</span> <span class='ocrx_word' id='word_1_636' title='bbox 1450 1874 1581 1905; x_wconf 81' lang='lat' dir='ltr'>videliic</span> <span class='ocrx_word' id='word_1_637' title='bbox 1595 1886 1625 1914; x_wconf 87' lang='lat' dir='ltr'>p.</span> <span class='ocrx_word' id='word_1_638' title='bbox 1638 1875 1714 1908; x_wconf 86' lang='lat'>172,</span> 
     </span>
     <span class='ocr_line' id='line_1_104' title="bbox 996 1917 1716 1958; baseline -0.003 -11"><span class='ocrx_word' id='word_1_639' title='bbox 996 1918 1049 1947; x_wconf 84' lang='lat'>33.</span> <span class='ocrx_word' id='word_1_640' title='bbox 1078 1923 1108 1946; x_wconf 88' lang='lat' dir='ltr'>et</span> <span class='ocrx_word' id='word_1_641' title='bbox 1136 1923 1235 1953; x_wconf 82' lang='lat' dir='ltr'>verte,</span> <span class='ocrx_word' id='word_1_642' title='bbox 1258 1917 1358 1956; x_wconf 80' lang='lat' dir='ltr'>plures</span> <span class='ocrx_word' id='word_1_643' title='bbox 1382 1927 1437 1948; x_wconf 81' lang='lat' dir='ltr'>esse</span> <span class='ocrx_word' id='word_1_644' title='bbox 1457 1919 1508 1957; x_wconf 81' lang='lat' dir='ltr'>qni</span> <span class='ocrx_word' id='word_1_645' title='bbox 1537 1918 1616 1947; x_wconf 80' lang='lat' dir='ltr'>nobis</span> <span class='ocrx_word' id='word_1_646' title='bbox 1638 1917 1716 1958; x_wconf 76' lang='grc' dir='ltr'><em>(τοῖς</em></span> 
     </span>
     <span class='ocr_line' id='line_1_105' title="bbox 995 1959 1714 2002; baseline 0.003 -15"><span class='ocrx_word' id='word_1_647' title='bbox 995 1959 1123 1998; x_wconf 76' lang='grc' dir='ltr'><em>μείνασιν</em></span> <span class='ocrx_word' id='word_1_648' title='bbox 1137 1959 1203 2000; x_wconf 80' lang='grc' dir='ltr'><strong>μὲν,</strong></span> <span class='ocrx_word' id='word_1_649' title='bbox 1220 1961 1248 1990; x_wconf 79' lang='grc' dir='ltr'>οὗ</span> <span class='ocrx_word' id='word_1_650' title='bbox 1263 1959 1425 2002; x_wconf 74' lang='grc' dir='ltr'><em>μετέχουσι</em></span> <span class='ocrx_word' id='word_1_651' title='bbox 1445 1960 1472 1990; x_wconf 83' lang='grc' dir='ltr'><em>δὲ</em></span> <span class='ocrx_word' id='word_1_652' title='bbox 1491 1963 1546 1990; x_wconf 74' lang='grc' dir='ltr'>τῶν</span> <span class='ocrx_word' id='word_1_653' title='bbox 1565 1960 1714 2000; x_wconf 48' lang='lat' dir='ltr'>wem-yaci-</span> 
     </span>
     <span class='ocr_line' id='line_1_106' title="bbox 996 2002 1715 2043; baseline 0.001 -13"><span class='ocrx_word' id='word_1_654' title='bbox 996 2002 1066 2042; x_wconf 83' lang='grc' dir='ltr'><em>των)</em></span> <span class='ocrx_word' id='word_1_655' title='bbox 1089 2005 1183 2043; x_wconf 78' lang='lat' dir='ltr'>magis</span> <span class='ocrx_word' id='word_1_656' title='bbox 1209 2004 1351 2033; x_wconf 80' lang='lat' dir='ltr'>timerent.</span> <span class='ocrx_word' id='word_1_657' title='bbox 1389 2004 1451 2033; x_wconf 87' lang='lat' dir='ltr'>Sed</span> <span class='ocrx_word' id='word_1_658' title='bbox 1471 2004 1591 2033; x_wconf 87' lang='lat' dir='ltr'>omnino</span> <span class='ocrx_word' id='word_1_659' title='bbox 1608 2004 1715 2042; x_wconf 85' lang='lat' dir='ltr'>legen-</span> 
     </span>
     <span class='ocr_line' id='line_1_107' title="bbox 996 2045 1715 2087; baseline 0 -12"><span class='ocrx_word' id='word_1_660' title='bbox 996 2046 1067 2075; x_wconf 88' lang='lat' dir='ltr'>dum</span> <span class='ocrx_word' id='word_1_661' title='bbox 1085 2047 1205 2076; x_wconf 85' lang='lat' dir='ltr'>videtur</span> <span class='ocrx_word' id='word_1_662' title='bbox 1221 2047 1286 2080; x_wconf 75' lang='grc' dir='ltr'><em>τοὺς</em></span> <span class='ocrx_word' id='word_1_663' title='bbox 1301 2045 1370 2086; x_wconf 78' lang='grc' dir='ltr'><em>ὑπὲρ</em></span> <span class='ocrx_word' id='word_1_664' title='bbox 1385 2047 1477 2077; x_wconf 72' lang='grc' dir='ltr'><em>αὑτῶν</em></span> <span class='ocrx_word' id='word_1_665' title='bbox 1492 2046 1614 2080; x_wconf 83' lang='grc' dir='ltr'><em>δεδιότας</em></span> <span class='ocrx_word' id='word_1_666' title='bbox 1624 2045 1715 2087; x_wconf 85' lang='lat' dir='ltr'>(vide</span> 
     </span>
     <span class='ocr_line' id='line_1_108' title="bbox 996 2089 1718 2129; baseline 0 -11"><span class='ocrx_word' id='word_1_667' title='bbox 996 2089 1033 2118; x_wconf 83' lang='lat' dir='ltr'>ad</span> <span class='ocrx_word' id='word_1_668' title='bbox 1052 2092 1126 2124; x_wconf 88' lang='grc'><strong>172,</strong></span> <span class='ocrx_word' id='word_1_669' title='bbox 1144 2089 1227 2129; x_wconf 70' lang='lat'>23),</span> <span class='ocrx_word' id='word_1_670' title='bbox 1244 2089 1358 2127; x_wconf 83' lang='lat' dir='ltr'>alioqui</span> <span class='ocrx_word' id='word_1_671' title='bbox 1378 2091 1483 2120; x_wconf 85' lang='lat' dir='ltr'>subest</span> <span class='ocrx_word' id='word_1_672' title='bbox 1506 2089 1638 2118; x_wconf 91' lang='lat' dir='ltr'>nonnihil</span> <span class='ocrx_word' id='word_1_673' title='bbox 1660 2089 1718 2118; x_wconf 86' lang='lat' dir='ltr'>ob-</span> 
     </span>
     <span class='ocr_line' id='line_1_109' title="bbox 998 2131 1715 2171; baseline 0 -11"><span class='ocrx_word' id='word_1_674' title='bbox 998 2132 1164 2162; x_wconf 77' lang='lat' dir='ltr'>scuritatis.</span> <span class='ocrx_word' id='word_1_675' title='bbox 1190 2133 1325 2171; x_wconf 82' lang='lat' dir='ltr'>Vulgata</span> <span class='ocrx_word' id='word_1_676' title='bbox 1348 2133 1427 2162; x_wconf 87' lang='lat' dir='ltr'>enim</span> <span class='ocrx_word' id='word_1_677' title='bbox 1448 2132 1539 2162; x_wconf 84' lang='lat' dir='ltr'>etiam</span> <span class='ocrx_word' id='word_1_678' title='bbox 1563 2131 1715 2171; x_wconf 85' lang='lat' dir='ltr'>explicari</span> 
     </span>
     <span class='ocr_line' id='line_1_110' title="bbox 996 2174 1716 2214; baseline 0 -10"><span class='ocrx_word' id='word_1_679' title='bbox 996 2179 1110 2213; x_wconf 83' lang='lat' dir='ltr'>potest,</span> <span class='ocrx_word' id='word_1_680' title='bbox 1128 2176 1230 2214; x_wconf 81' lang='lat' dir='ltr'>plnres</span> <span class='ocrx_word' id='word_1_681' title='bbox 1245 2185 1300 2205; x_wconf 81' lang='lat' dir='ltr'>esse</span> <span class='ocrx_word' id='word_1_682' title='bbox 1314 2177 1370 2204; x_wconf 75' lang='grc' dir='ltr'>τῶν</span> <span class='ocrx_word' id='word_1_683' title='bbox 1385 2174 1410 2205; x_wconf 78' lang='grc' dir='ltr'>ἐν</span> <span class='ocrx_word' id='word_1_684' title='bbox 1425 2174 1522 2210; x_wconf 76' lang='grc' dir='ltr'><em>ἄστει,</em></span> <span class='ocrx_word' id='word_1_685' title='bbox 1544 2176 1595 2214; x_wconf 83' lang='lat' dir='ltr'>qui</span> <span class='ocrx_word' id='word_1_686' title='bbox 1615 2177 1716 2213; x_wconf 79' lang='lat' dir='ltr'>‹lespe-</span> 
     </span>
     <span class='ocr_line' id='line_1_111' title="bbox 996 2217 1715 2258; baseline 0 -12"><span class='ocrx_word' id='word_1_687' title='bbox 996 2224 1098 2248; x_wconf 80' lang='lat' dir='ltr'>rarent</span> <span class='ocrx_word' id='word_1_688' title='bbox 1121 2220 1244 2248; x_wconf 74' lang='lat' dir='ltr'>retineri</span> <span class='ocrx_word' id='word_1_689' title='bbox 1263 2227 1341 2256; x_wconf 81' lang='lat' dir='ltr'>posse</span> <span class='ocrx_word' id='word_1_690' title='bbox 1360 2217 1565 2258; x_wconf 80' lang='lat' dir='ltr'>aligarchiam,</span> <span class='ocrx_word' id='word_1_691' title='bbox 1582 2219 1643 2253; x_wconf 80' lang='lat' dir='ltr'>vel„</span> <span class='ocrx_word' id='word_1_692' title='bbox 1663 2217 1715 2258; x_wconf 79' lang='lat' dir='ltr'>qui</span> 
     </span>
     <span class='ocr_line' id='line_1_112' title="bbox 995 2261 1714 2302; baseline 0 -12"><span class='ocrx_word' id='word_1_693' title='bbox 995 2270 1042 2290; x_wconf 73' lang='lat' dir='ltr'>vos</span> <span class='ocrx_word' id='word_1_694' title='bbox 1054 2263 1123 2299; x_wconf 78' lang='lat' dir='ltr'>jam</span> <span class='ocrx_word' id='word_1_695' title='bbox 1139 2261 1290 2301; x_wconf 75' lang='lat' dir='ltr'>deprecari</span> <span class='ocrx_word' id='word_1_696' title='bbox 1306 2261 1426 2291; x_wconf 77' lang='lat' dir='ltr'>mallent</span> <span class='ocrx_word' id='word_1_697' title='bbox 1444 2272 1531 2302; x_wconf 81' lang='lat' dir='ltr'>quam</span> <span class='ocrx_word' id='word_1_698' title='bbox 1547 2261 1652 2291; x_wconf 75' lang='lat' dir='ltr'>bellum</span> <span class='ocrx_word' id='word_1_699' title='bbox 1667 2270 1714 2290; x_wconf 76' lang='lat' dir='ltr'>ex-</span> 
     </span>
     <span class='ocr_line' id='line_1_113' title="bbox 992 2313 1097 2342; baseline 0 -9"><span class='ocrx_word' id='word_1_700' title='bbox 992 2313 1097 2342; x_wconf 75' lang='lat' dir='ltr'>periri.</span> 
     </span>
    </p>

    <p class='ocr_par' dir='ltr' id='par_1_23' title="bbox 996 2345 1714 2430">
     <span class='ocr_line' id='line_1_114' title="bbox 1040 2345 1714 2382; baseline 0 -6"><span class='ocrx_word' id='word_1_701' title='bbox 1040 2348 1114 2382; x_wconf 87' lang='lat'>173,</span> <span class='ocrx_word' id='word_1_702' title='bbox 1145 2349 1197 2377; x_wconf 89' lang='grc'>31.</span> <span class='ocrx_word' id='word_1_703' title='bbox 1231 2345 1349 2377; x_wconf 88' lang='lat' dir='ltr'>Eadem</span> <span class='ocrx_word' id='word_1_704' title='bbox 1376 2348 1440 2377; x_wconf 78' lang='lat' dir='ltr'>sere</span> <span class='ocrx_word' id='word_1_705' title='bbox 1468 2345 1648 2376; x_wconf 85' lang='lat' dir='ltr'>Andocides</span> <span class='ocrx_word' id='word_1_706' title='bbox 1675 2347 1714 2376; x_wconf 91' lang='lat' dir='ltr'>de</span> 
     </span>
     <span class='ocr_line' id='line_1_115' title="bbox 996 2388 1382 2430; baseline 0 -11"><span class='ocrx_word' id='word_1_707' title='bbox 996 2389 1079 2419; x_wconf 88' lang='lat' dir='ltr'>Pace</span> <span class='ocrx_word' id='word_1_708' title='bbox 1092 2389 1159 2419; x_wconf 88' lang='lat' dir='ltr'>init.</span> <span class='ocrx_word' id='word_1_709' title='bbox 1175 2388 1225 2429; x_wconf 90' lang='lat' dir='ltr'>(p.</span> <span class='ocrx_word' id='word_1_710' title='bbox 1244 2392 1296 2425; x_wconf 82' lang='lat'>23,</span> <span class='ocrx_word' id='word_1_711' title='bbox 1311 2389 1382 2430; x_wconf 82' lang='lat'>39.)</span> 
     </span>
    </p>

    <p class='ocr_par' dir='ltr' id='par_1_24' title="bbox 994 2430 1715 2720">
     <span class='ocr_line' id='line_1_116' title="bbox 1041 2430 1715 2472; baseline -0.001 -10"><span class='ocrx_word' id='word_1_712' title='bbox 1041 2435 1115 2469; x_wconf 86' lang='grc'><strong>173,</strong></span> <span class='ocrx_word' id='word_1_713' title='bbox 1140 2434 1193 2463; x_wconf 86' lang='grc'>33.</span> <span class='ocrx_word' id='word_1_714' title='bbox 1231 2431 1449 2472; x_wconf 66' lang='grc' dir='ltr'><em>βουλόμενοι-</em></span> <span class='ocrx_word' id='word_1_715' title='bbox 1465 2430 1621 2471; x_wconf 75' lang='grc' dir='ltr'><em>ἐμμένουσι</em></span> <span class='ocrx_word' id='word_1_716' title='bbox 1653 2442 1715 2462; x_wconf 88' lang='lat' dir='ltr'>non</span> 
     </span>
     <span class='ocr_line' id='line_1_117' title="bbox 995 2474 1715 2514; baseline -0.001 -9"><span class='ocrx_word' id='word_1_717' title='bbox 995 2485 1123 2514; x_wconf 89' lang='lat' dir='ltr'>prorsus</span> <span class='ocrx_word' id='word_1_718' title='bbox 1154 2476 1345 2510; x_wconf 88' lang='lat' dir='ltr'>mendosum,</span> <span class='ocrx_word' id='word_1_719' title='bbox 1376 2474 1402 2504; x_wconf 89' lang='lat' dir='ltr'>si</span> <span class='ocrx_word' id='word_1_720' title='bbox 1433 2480 1548 2510; x_wconf 83' lang='lat' dir='ltr'>vertas,</span> <span class='ocrx_word' id='word_1_721' title='bbox 1573 2476 1715 2506; x_wconf 81' lang='lat' dir='ltr'>servanda</span> 
     </span>
     <span class='ocr_line' id='line_1_118' title="bbox 994 2518 1714 2557; baseline -0.001 -9"><span class='ocrx_word' id='word_1_722' title='bbox 994 2518 1202 2553; x_wconf 77' lang='lat' dir='ltr'>censent,dant</span> <span class='ocrx_word' id='word_1_723' title='bbox 1216 2527 1331 2557; x_wconf 79' lang='lat' dir='ltr'>operam</span> <span class='ocrx_word' id='word_1_724' title='bbox 1342 2523 1376 2547; x_wconf 87' lang='lat' dir='ltr'>ut</span> <span class='ocrx_word' id='word_1_725' title='bbox 1385 2524 1550 2553; x_wconf 77' lang='lat' dir='ltr'>serventur,</span> <span class='ocrx_word' id='word_1_726' title='bbox 1567 2524 1627 2549; x_wconf 87' lang='lat' dir='ltr'>etc.</span> <span class='ocrx_word' id='word_1_727' title='bbox 1651 2519 1714 2548; x_wconf 86' lang='lat' dir='ltr'>Sed</span> 
     </span>
     <span class='ocr_line' id='line_1_119' title="bbox 996 2560 1713 2600; baseline 0 -10"><span class='ocrx_word' id='word_1_728' title='bbox 996 2562 1073 2591; x_wconf 89' lang='lat' dir='ltr'>adeo</span> <span class='ocrx_word' id='word_1_729' title='bbox 1106 2561 1245 2590; x_wconf 83' lang='lat' dir='ltr'>turbatur</span> <span class='ocrx_word' id='word_1_730' title='bbox 1274 2561 1304 2590; x_wconf 89' lang='lat' dir='ltr'>in</span> <span class='ocrx_word' id='word_1_731' title='bbox 1336 2560 1601 2591; x_wconf 82' lang='lat' dir='ltr'>terminationibus</span> <span class='ocrx_word' id='word_1_732' title='bbox 1631 2561 1713 2600; x_wconf 89' lang='lat' dir='ltr'>apud</span> 
     </span>
     <span class='ocr_line' id='line_1_120' title="bbox 996 2603 1714 2644; baseline 0 -10"><span class='ocrx_word' id='word_1_733' title='bbox 996 2604 1133 2644; x_wconf 83' lang='lat' dir='ltr'>Lysiam,</span> <span class='ocrx_word' id='word_1_734' title='bbox 1150 2608 1183 2633; x_wconf 86' lang='lat' dir='ltr'>ut</span> <span class='ocrx_word' id='word_1_735' title='bbox 1205 2603 1305 2633; x_wconf 75' lang='lat' dir='ltr'>malim</span> <span class='ocrx_word' id='word_1_736' title='bbox 1322 2614 1390 2633; x_wconf 89' lang='lat' dir='ltr'>cum</span> <span class='ocrx_word' id='word_1_737' title='bbox 1408 2604 1548 2638; x_wconf 80' lang='lat' dir='ltr'>Reiskio,</span> <span class='ocrx_word' id='word_1_738' title='bbox 1564 2603 1714 2637; x_wconf 74' lang='grc' dir='ltr'><em>Βούλονται</em></span> 
     </span>
     <span class='ocr_line' id='line_1_121' title="bbox 995 2645 1714 2686; baseline -0.001 -10"><span class='ocrx_word' id='word_1_739' title='bbox 995 2665 1036 2670; x_wconf 90' lang='lat'>—</span> <span class='ocrx_word' id='word_1_740' title='bbox 1048 2645 1235 2686; x_wconf 75' lang='grc' dir='ltr'><em>ἐμμένοντας.</em></span> <span class='ocrx_word' id='word_1_741' title='bbox 1258 2646 1338 2676; x_wconf 86' lang='lat' dir='ltr'>Vide</span> <span class='ocrx_word' id='word_1_742' title='bbox 1351 2646 1517 2686; x_wconf 81' lang='lat' dir='ltr'>marginem</span> <span class='ocrx_word' id='word_1_743' title='bbox 1530 2646 1662 2678; x_wconf 84' lang='lat' dir='ltr'>Porson.</span> <span class='ocrx_word' id='word_1_744' title='bbox 1675 2647 1714 2676; x_wconf 84' lang='lat' dir='ltr'>ad</span> 
     </span>
     <span class='ocr_line' id='line_1_122' title="bbox 995 2690 1177 2720; baseline -0.005 -1"><span class='ocrx_word' id='word_1_745' title='bbox 995 2690 1086 2720; x_wconf 69' lang='lat' dir='ltr'>jMed.</span> <span class='ocrx_word' id='word_1_746' title='bbox 1104 2691 1177 2720; x_wconf 76' lang='lat'>247.</span> 
     </span>
    </p>

    <p class='ocr_par' dir='ltr' id='par_1_25' title="bbox 995 2730 1711 2815">
     <span class='ocr_line' id='line_1_123' title="bbox 1039 2730 1711 2774; baseline -0.001 -12"><span class='ocrx_word' id='word_1_747' title='bbox 1039 2735 1113 2767; x_wconf 87' lang='lat'>173,</span> <span class='ocrx_word' id='word_1_748' title='bbox 1128 2734 1183 2763; x_wconf 89' lang='lat'>36.</span> <span class='ocrx_word' id='word_1_749' title='bbox 1205 2730 1279 2762; x_wconf 79' lang='grc' dir='ltr'><em>οὐδὲν</em></span> <span class='ocrx_word' id='word_1_750' title='bbox 1291 2732 1343 2772; x_wconf 76' lang='grc' dir='ltr'>γὰρ</span> <span class='ocrx_word' id='word_1_751' title='bbox 1360 2731 1392 2762; x_wconf 75' lang='grc' dir='ltr'>ἂν</span> <span class='ocrx_word' id='word_1_752' title='bbox 1406 2732 1444 2762; x_wconf 81' lang='grc' dir='ltr'><em>εἴη</em></span> <span class='ocrx_word' id='word_1_753' title='bbox 1460 2731 1556 2766; x_wconf 79' lang='grc' dir='ltr'><em>αὐτοῖς</em></span> <span class='ocrx_word' id='word_1_754' title='bbox 1571 2732 1711 2774; x_wconf 83' lang='grc' dir='ltr'><em>χαλεπώ-</em></span> 
     </span>
     <span class='ocr_line' id='line_1_124' title="bbox 995 2774 1572 2815; baseline 0 -10"><span class='ocrx_word' id='word_1_755' title='bbox 995 2785 1069 2815; x_wconf 73' lang='grc' dir='ltr'><em>τερον</em></span> <span class='ocrx_word' id='word_1_756' title='bbox 1082 2774 1187 2805; x_wconf 83' lang='grc' dir='ltr'><em>τούτων</em></span> <span class='ocrx_word' id='word_1_757' title='bbox 1203 2774 1217 2805; x_wconf 76' lang='grc' dir='ltr'>ἢ</span> <span class='ocrx_word' id='word_1_758' title='bbox 1234 2774 1435 2805; x_wconf 63' lang='grc' dir='ltr'><em>πυνθάνεσθαι.</em></span> <span class='ocrx_word' id='word_1_759' title='bbox 1460 2775 1528 2804; x_wconf 89' lang='lat' dir='ltr'>Del.</span> <span class='ocrx_word' id='word_1_760' title='bbox 1546 2775 1572 2805; x_wconf 73' lang='grc' dir='ltr'>ἦ.</span> 
     </span>
    </p>

    <p class='ocr_par' dir='ltr' id='par_1_26' title="bbox 994 2816 1712 2941">
     <span class='ocr_line' id='line_1_125' title="bbox 1039 2816 1710 2855; baseline 0.001 -8"><span class='ocrx_word' id='word_1_761' title='bbox 1039 2820 1113 2854; x_wconf 76' lang='grc'><strong>173,</strong></span> <span class='ocrx_word' id='word_1_762' title='bbox 1132 2821 1182 2847; x_wconf 82' lang='lat'>41.</span> <span class='ocrx_word' id='word_1_763' title='bbox 1207 2816 1326 2855; x_wconf 79' lang='grc' dir='ltr'><em>δέξαιντ’</em></span> <span class='ocrx_word' id='word_1_764' title='bbox 1350 2818 1382 2847; x_wconf 73' lang='grc' dir='ltr'>ἂν</span> <span class='ocrx_word' id='word_1_765' title='bbox 1397 2835 1449 2847; x_wconf 86' lang='lat'>—.</span> <span class='ocrx_word' id='word_1_766' title='bbox 1470 2817 1532 2847; x_wconf 85' lang='lat' dir='ltr'>Vix</span> <span class='ocrx_word' id='word_1_767' title='bbox 1556 2818 1630 2847; x_wconf 87' lang='lat' dir='ltr'>satis</span> <span class='ocrx_word' id='word_1_768' title='bbox 1648 2828 1710 2848; x_wconf 81' lang='lat' dir='ltr'>em-</span> 
     </span>
     <span class='ocr_line' id='line_1_126' title="bbox 994 2859 1712 2902; baseline 0 -12"><span class='ocrx_word' id='word_1_769' title='bbox 994 2861 1160 2898; x_wconf 87' lang='lat' dir='ltr'>phaticum.</span> <span class='ocrx_word' id='word_1_770' title='bbox 1176 2861 1347 2898; x_wconf 84' lang='lat' dir='ltr'>Exspectes</span> <span class='ocrx_word' id='word_1_771' title='bbox 1360 2859 1481 2898; x_wconf 61' lang='lat' dir='ltr'>sagam-²</span> <span class='ocrx_word' id='word_1_772' title='bbox 1491 2860 1523 2890; x_wconf 71' lang='grc' dir='ltr'>ἂν</span> <span class='ocrx_word' id='word_1_773' title='bbox 1530 2859 1712 2902; x_wconf 71' lang='grc' dir='ltr'><em>-(δε’ξιιιντ’</em></span> 
     </span>
     <span class='ocr_line' id='line_1_127' title="bbox 994 2902 1443 2941; baseline 0 -10"><span class='ocrx_word' id='word_1_774' title='bbox 994 2903 1025 2932; x_wconf 80' lang='grc' dir='ltr'>ἃν</span> <span class='ocrx_word' id='word_1_775' title='bbox 1040 2907 1136 2938; x_wconf 86' lang='lat' dir='ltr'>recte,</span> <span class='ocrx_word' id='word_1_776' title='bbox 1150 2913 1221 2932; x_wconf 84' lang='lat' dir='ltr'>mox</span> <span class='ocrx_word' id='word_1_777' title='bbox 1238 2913 1270 2941; x_wconf 93' lang='lat' dir='ltr'>p.</span> <span class='ocrx_word' id='word_1_778' title='bbox 1285 2905 1359 2939; x_wconf 83' lang='lat'>174,</span> <span class='ocrx_word' id='word_1_779' title='bbox 1374 2902 1443 2941; x_wconf 89' lang='grc'><strong>36.)</strong></span> 
     </span>
    </p>

    <p class='ocr_par' dir='ltr' id='par_1_27' title="bbox 1040 2945 1711 2986">
     <span class='ocr_line' id='line_1_128' title="bbox 1040 2945 1711 2986; baseline 0 -11"><span class='ocrx_word' id='word_1_780' title='bbox 1040 2945 1134 2986; x_wconf 79' lang='grc'><strong>[157]</strong></span> <span class='ocrx_word' id='word_1_781' title='bbox 1169 2947 1244 2980; x_wconf 83' lang='lat'>174,</span> <span class='ocrx_word' id='word_1_782' title='bbox 1263 2947 1292 2976; x_wconf 87' lang='grc'>9.</span> <span class='ocrx_word' id='word_1_783' title='bbox 1322 2947 1382 2979; x_wconf 82' lang='grc' dir='ltr'><em>τοῖς</em></span> <span class='ocrx_word' id='word_1_784' title='bbox 1407 2945 1505 2981; x_wconf 71' lang='grc' dir='ltr'><em>ἄλλοις</em></span> <span class='ocrx_word' id='word_1_785' title='bbox 1528 2946 1711 2977; x_wconf 79' lang='lat' dir='ltr'>concordiam</span> 
     </span>
    </p>
   </div>
   <div class='ocr_carea' id='block_1_5' title="bbox 243 2988 1712 3030">
    <p class='ocr_par' dir='ltr' id='par_1_28' title="bbox 243 2988 1712 3030">
     <span class='ocr_line' id='line_1_129' title="bbox 243 2988 1712 3030; baseline -0.001 -11"><span class='ocrx_word' id='word_1_786' title='bbox 243 2991 354 3027; x_wconf 76' lang='lat' dir='ltr'>lenius,</span> <span class='ocrx_word' id='word_1_787' title='bbox 375 2991 415 3020; x_wconf 82' lang='lat' dir='ltr'>ita</span> <span class='ocrx_word' id='word_1_788' title='bbox 438 2990 551 3021; x_wconf 80' lang='lat' dir='ltr'>verius.</span> <span class='ocrx_word' id='word_1_789' title='bbox 577 2991 610 3021; x_wconf 84' lang='grc' dir='ltr'>Οῖ</span> <span class='ocrx_word' id='word_1_790' title='bbox 627 2990 776 3030; x_wconf 80' lang='grc' dir='ltr'><em>τριάκοντα</em></span> <span class='ocrx_word' id='word_1_791' title='bbox 793 2999 848 3028; x_wconf 84' lang='lat' dir='ltr'>per</span> <span class='ocrx_word' id='word_1_792' title='bbox 865 2993 958 3019; x_wconf 86' lang='lat' dir='ltr'>totam</span> <span class='ocrx_word' id='word_1_793' title='bbox 983 2989 1151 3027; x_wconf 76' lang='lat' dir='ltr'>juravistis.</span> <span class='ocrx_word' id='word_1_794' title='bbox 1177 2988 1308 3025; x_wconf 78' lang='lat' dir='ltr'>Quinam</span> <span class='ocrx_word' id='word_1_795' title='bbox 1320 2988 1349 3018; x_wconf 85' lang='lat' dir='ltr'>lii</span> <span class='ocrx_word' id='word_1_796' title='bbox 1366 2988 1468 3019; x_wconf 62' lang='grc' dir='ltr'><em>ἄλλοιῗ</em></span> <span class='ocrx_word' id='word_1_797' title='bbox 1492 2989 1712 3029; x_wconf 75' lang='lat' dir='ltr'>intelligerem,</span> 
     </span>
    </p>
   </div>
  </div>
 </body>
</html>
