1819 3219
645 199 730 240 AD
765 196 1003 240 LYSIAM.

107 321 154 348 set
171 315 278 356 Lysias
290 314 370 354 quod
383 312 565 345 Therameni
582 314 710 344 faveret.
755 314 817 347 An,

106 358 307 399 πιστοτέρους.>
339 360 399 396 Qu.
421 368 457 386 an
475 355 621 396 προτέρους
640 356 700 385 hoc
725 365 817 385 sensu

107 403 237 433 dicatur.
264 401 371 440 Lysias
395 411 425 440 p.
449 402 521 430 919.
537 401 587 429 ed.
613 401 648 428 R.
665 397 818 437 ἀμφότερα

107 448 162 475 τῶν
186 443 384 483 ἀντιλεγόντων
405 442 533 483 πρότερος
559 442 603 472 ὢν.
622 441 720 481 νόμων,
745 442 817 470 Eur.

109 490 165 518 Or.
181 491 256 519 481.
279 485 440 526 ἡμιεκτέου,
461 485 554 515 Arist.
579 485 663 515 Nub.
687 486 762 515 643.
784 483 819 513 L.

109 529 334 571 λαμπροτέρους.

157 574 253 614 [101]
273 575 345 607 126,
362 575 414 602 14.
437 570 548 601 Τούτων
570 569 740 610 ἀκροᾶσθαι.
757 568 820 604 An,

111 617 213 652 αὐτῶν,
228 617 249 646 ἰ.
266 626 293 646 e.
310 615 415 646 CCCC
433 614 527 643 viris?
550 615 629 644 Nam
644 613 669 642 si
686 613 767 642 redit
783 612 821 640 ad

111 660 332 690 Theramenem
370 663 399 687 et
436 661 564 696 patrem,
598 661 631 686 ut
661 654 823 689 Reiskius,

112 708 269 742 oporteret
280 703 343 735 τοὺς
355 700 555 740 συνάρχοντας,
565 710 622 728 non
635 698 667 727 τὸ
683 699 736 738 ὑμ.
749 698 823 727 πλῆ-

114 744 166 779 Θος.
191 745 366 784 Legendum
383 743 493 782 opinor
510 754 566 782 pro
582 741 699 775 τούτων,
715 743 770 770 τῶν
785 738 823 776 v',

113 789 174 819 ise.
193 791 247 818 τῶν
261 785 459 827 τετρακοσίων.
481 784 506 814 υΛ
527 786 645 815 excidit
662 784 700 814 ob
723 795 746 818 ν,
771 784 824 813 de-

112 833 184 862 inde
199 833 254 861 τῶν
270 835 415 861 mutatum
427 828 458 857 in
474 828 591 859 τούτων.
616 828 696 867 Quin
710 837 726 857 e
741 836 823 856 eom-

112 907 234 946 peudiis
247 906 324 937 ratio
341 905 403 944 peti
421 908 522 948 potest
537 884 570 935 :ris
585 910 616 934 et
628 890 681 934 ττ.

160 952 232 985 126,
255 952 307 979 20.
329 948 412 985 αὐτὸς
442 951 466 982 ἐ.
494 947 580 983 αὐτὸς
604 949 633 977 ἅ.
658 945 824 985 AEscbylus

115 994 197 1032 apud
226 992 396 1028 Platonem,
431 997 508 1033 Rep.
542 991 588 1021 II.
615 1001 644 1030 p.
668 991 743 1024 391,
774 990 825 1018 29.

117 1036 191 1066 Bas.
209 1036 347 1076 (Butler.
364 1041 385 1065 t.
401 1042 430 1069 8.
449 1050 480 1078 p.
495 1033 567 1074 35.)

162 1081 234 1114 125,
252 1081 304 1109 30.
329 1079 414 1110 Pone
439 1087 557 1110 comma
571 1080 643 1116 post
664 1074 780 1115 «πρᾶξαι
797 1078 826 1103 et

117 1121 282 1159 ἐπαγγελλ.
311 1126 343 1151 ut
366 1128 482 1153 constr.
510 1121 561 1155 sit,
584 1119 683 1149 ταῦτα
709 1116 826 1158 πρᾶξαι,

117 1165 263 1205 περιελεῖν,
278 1175 332 1204 per
347 1166 583 1204 appositionem.

162 1210 237 1243 126,
257 1210 311 1239 35.
336 1206 511 1248 ὃλεγόμενος
535 1204 584 1235 ὑπ’
613 1200 710 1235 ἐκείνου
735 1200 827 1241 καιρδς

117 1250 264 1290 ἐπιμελῶς
289 1249 338 1281 ὑπ’
362 1251 450 1281 αὐτοῦ
474 1247 602 1289 ἐτηρήθη.
626 1246 735 1277 Manif.
766 1245 826 1283 leg.

118 1294 166 1323 vel
194 1292 296 1323 ἐκείνων
325 1295 375 1324 vel
402 1295 493 1324 αὐτῶν
514 1310 557 1316 --
578 1287 826 1331 μετεπέμψαντο.

117 1336 276 1366 Posterius
291 1337 403 1373 malim,
420 1343 454 1367 ut
468 1336 532 1367 doli
543 1340 648 1364 auctor
661 1333 702 1362 sit
713 1332 827 1361 Thera-

117 1379 318 1421 menes(vide
333 1391 359 1409 c.
374 1381 501 1420 Agorat.
518 1391 546 1420 p.
562 1379 635 1412 130,
646 1374 732 1414 35.),
745 1373 826 1413 quod

119 1427 149 1452 et
165 1433 181 1451 e
199 1423 404 1463 Xenophonte
419 1425 464 1453 II.
482 1427 511 1454 2.
526 1424 576 1451 16.
589 1418 751 1459 probabile
764 1422 829 1454 est,

120 1465 173 1495 i.e.
184 1466 414 1496 communicatis
423 1478 490 1496 cum
506 1463 666 1504 Lysandro
682 1459 828 1490 consiliis.

166 1511 238 1544 126,
250 1511 303 1540 38.
321 1510 520 1539 Philochares
535 1503 830 1542 etMiltiades.Qui-

121 1561 187 1581 nam
206 1552 271 1582 illi?
295 1553 477 1582 exsulesne?

165 1597 239 1631 126,
257 1597 309 1626 38.
324 1595 384 1637 περὶ
401 1598 452 1629 τῆς
468 1601 543 1625 πτολ.
570 1594 664 1623 Recte
677 1590 726 1620 hic
742 1589 831 1619 adest

122 1638 209 1667 artic.
235 1638 336 1678 (recle
360 1640 447 1668 abest
483 1648 554 1667 mox
577 1646 608 1674 p.
626 1636 700 1670 127,
724 1634 756 1663 5.
773 1632 831 1661 bis.

123 1681 263 1719 Thucyd.
282 1681 345 1710 viii.
367 1682 418 1712 53.
440 1692 471 1720 p.
488 1682 561 1711 212.
579 1682 608 1708 2.
632 1680 663 1708 3.
679 1677 728 1706 ed.
745 1674 831 1704 Bek-

123 1723 190 1752 ker.
208 1728 240 1753 ut
260 1723 289 1752 in
309 1723 386 1753 locis
407 1723 489 1762 apud
510 1723 638 1752 Porson.
661 1719 697 1748 ad
725 1717 832 1755 Eurip.

125 1766 206 1795 Hec.
226 1769 318 1796 1161.
340 1777 370 1805 p.
386 1768 439 1796 72.
465 1767 514 1795 ed.
532 1766 628 1794 1808.
648 1761 708 1801 περὶ
734 1759 834 1799 εἰρήνης

123 1809 193 1847 lege
217 1820 245 1838 c.
271 1811 397 1847 Agorat.
422 1820 454 1848 p.
471 1810 544 1842 130,
571 1809 621 1835 17.
646 1805 723 1833 Cum
747 1803 834 1831 artic.

124 1857 209 1881 recte
235 1863 262 1882 c.
288 1854 411 1891 Agorat.
434 1862 466 1890 p.
492 1852 566 1884 130,
591 1850 643 1879 23.
666 1847 783 1888 (forsan
802 1855 832 1882 p.

126 1896 201 1929 130,
222 1897 289 1935 29.)
306 1897 378 1930 131,
400 1896 452 1924 17.
476 1896 551 1928 134,
568 1895 621 1921 10.
640 1891 758 1928 dynam.
782 1888 835 1920 τῆς

124 1936 220 1977 ξενίας,
244 1949 276 1977 p.
302 1939 375 1972 135,
397 1936 468 1977 20.)
491 1937 597 1970 Verte,
622 1933 671 1963 the
686 1931 835 1972 projected

124 1982 327 2010 constitution.
345 1981 415 2011 vide
438 1980 494 2010 lin.
511 1981 564 2010 42.
581 1977 634 2006 ubi
653 1980 738 2006 recte
762 1973 834 2003 olim

125 2022 287 2063 ἀπέφαινεν.

171 2070 245 2103 127,
263 2067 295 2097 5-
318 2068 380 2107 περὶ
402 2072 462 2097 eto.
485 2066 553 2106 ὑμῖν
574 2063 656 2094 ’ἑο-ται
680 2061 706 2102 [ὁ
726 2060 836 2100 λόγος]

128 2110 281 2140 Omittunt
302 2121 373 2141 mss.
391 2115 475 2140 recte
498 2114 532 2139 ut
555 2112 649 2146 puto:
675 2105 746 2134 vide
769 2113 837 2132 mea

128 2153 366 2192 Aristophanica
382 2164 455 2183 mss.
470 2163 500 2192 p.
518 2153 569 2183 54.
591 2150 628 2180 ad
645 2149 741 2187 Vesp.
761 2148 836 2177 478.

127 2197 191 2226 Hic
208 2207 239 2234 p.
258 2199 331 2226 240.

174 2242 246 2274 127,
260 2241 309 2269 15.
324 2239 383 2272 τοῖς
395 2238 538 2278 φεύγουσι.
559 2235 704 2269 Exsules,
716 2232 839 2272 opinor,

128 2293 145 2312 a
168 2283 324 2321 Lysandro
342 2282 502 2311 restitutos
516 2280 605 2321 (vide
626 2289 657 2317 p.
677 2279 750 2311 104,
766 2274 838 2314 23.)

129 2336 194 2355 nam
213 2325 239 2355 si
256 2325 340 2364 pacis
355 2329 459 2354 auctor
474 2324 530 2353 fuit
543 2318 837 2354 Tlneramenes,illo-

128 2379 193 2398 rum
205 2368 462 2398 restituendorum
476 2371 580 2395 auctor
595 2364 666 2393 suit.
689 2362 750 2392 Sed
765 2360 839 2400 quid

129 2412 223 2445 istud,
236 2411 308 2440 οὐδὲν
322 2408 468 2450 φροντίζων
484 2408 511 2438 δὲ
528 2404 771 2446 Λακεδαιμονίωνῗ
796 2405 840 2433 Ut

130 2460 245 2493 potest,
262 2454 354 2484 vertit
370 2452 522 2482 Reiskius
538 2457 559 2481 t.
577 2453 608 2481 6.
624 2460 655 2488 p.
671 2450 746 2479 470.
776 2446 838 2476 Vix

130 2500 236 2527 Graeca
250 2508 317 2536 pro,
327 2495 543 2535 nihilisaciens
556 2491 839 2523 Lacedaemoniorum

130 2542 160 2570 in
177 2551 209 2569 ea
225 2550 256 2570 re
271 2550 395 2580 operam.
444 2538 510 2568 Nisi
528 2535 599 2566 οὐδὲν
615 2534 769 2564 omitteret
784 2542 839 2562 ms.

128 2585 273 2622 legerem,
290 2582 361 2612 οὐδὲν
383 2579 578 2622 φροντιζόντων
603 2585 674 2608 Λακ.
699 2575 763 2611 sibi,
784 2585 840 2604 non

130 2626 355 2656 Lacedaemaniis
380 2625 424 2654 nil
448 2625 505 2653 tale
528 2621 710 2655 conantibus,
733 2618 841 2658 deberi,

131 2670 205 2709 quod
215 2669 365 2698 rediissent
377 2667 483 2696 exules.
506 2666 595 2695 Nunc
607 2663 682 2693 nihil
695 2663 839 2692 decerno.

131 2711 462 2750 Intelligerem‚q>pov&v
486 2708 512 2738 δὲ
536 2710 577 2738 τὰ
598 2709 652 2736 τῶν
677 2712 713 2735 Λ.
737 2703 842 2743 taking

133 2755 180 2784 the
190 2760 261 2793 part
272 2754 314 2795 af,
331 2754 428 2793 siding
440 2751 522 2787 with,
533 2747 702 2789 λακωνίζων,
715 2747 770 2778 sed
785 2747 841 2776 hoe

130 2799 273 2827 alienum.

177 2840 272 2880 [102]
287 2841 358 2876 127,
374 2841 424 2869 18.
437 2835 552 2870 πίο-τεις
562 2835 640 2874 αὐτῷ
648 2834 714 2875 (vel
727 2830 842 2872 αὐτοῖς)

132 2882 200 2922 ἔργῳ
216 2883 347 2916 δεδωκώς.
393 2882 478 2919 Lege
494 2878 589 2914 αὐτὸς,
605 2883 635 2909 et
652 2877 723 2908 vide
745 2876 795 2905 hio
812 2886 842 2915 p.

178 2969 252 3004 127,
277 2970 328 2998 22.
352 2964 507 2997 κατέλυσε.
557 2965 664 2999 Verte,
689 2965 844 2996 everterat,

136 3021 243 3050 nempe
267 3010 352 3041 socio
369 3009 572 3046 Aristocrate,
586 3007 728 3046 Thucyd.
745 3005 844 3036 V111.

1486 188 1561 230 xiii

851 314 882 339 et
899 309 973 348 Lys.
995 319 1025 347 p.
1045 309 1118 343 126,
1135 308 1186 337 15.
1233 306 1265 336 Si
1282 316 1349 336 cum
1366 304 1498 336 Reiskio
1516 314 1565 334 uc-

851 352 942 392 cipis,
961 351 991 380 id
1007 351 1109 391 agebat
1126 355 1161 379 ut
1176 354 1312 380 everteret
1332 349 1388 389 (de
1409 358 1469 387 quo
1491 347 1567 377 nihil

853 394 984 434 statuo),
1000 394 1163 433 legendum
1178 392 1236 422 erit
1252 390 1390 420 κατέλυε.
1432 391 1494 420 Sed
1509 400 1566 419 non

853 437 1011 467 omisisset
1037 436 1146 474 Lysias
1174 434 1306 474 δεύτερον,
1325 433 1374 463 vel
1399 434 1498 468 πάλιν,
1517 432 1565 463 vel

854 480 968 519 aliquid
987 484 1069 508 certe
1087 478 1250 517 ejusmodi.

899 525 973 557 127,
996 525 1049 552 24.
1071 520 1204 562 ’παρόντα
1229 524 1260 549 et
1280 517 1391 547 ἀπόντα
1412 527 1486 556 opp.
1505 518 1568 545 De-

855 567 968 595 mosth.
993 565 1120 604 Olynth.
1146 565 1211 593 III.
1236 573 1268 602 p.
1298 563 1351 596 33,
1382 562 1433 590 26.
1457 559 1506 588 ed.
1529 560 1569 588 R.

858 607 1115 648 Pindarus‚31'pmo
1128 609 1183 636 τῶν
1198 604 1347 638 ἀπεόντων,
1361 604 1399 633 de
1414 602 1569 632 Coronide

858 652 951 691 Pyth.
970 652 1036 681 III.
1054 653 1106 681 34.

904 696 976 730 127,
994 696 1047 724 32.
1069 692 1262 731 κατηγορεῖτε.
1293 689 1366 719 Sive
1389 688 1482 718 indic.
1503 686 1571 716 sive

858 735 967 775 imper.
983 747 1040 766 non
1056 735 1207 773 intelligo.
1231 736 1276 763 Au
1293 730 1484 769 κατάγνωτεΊ
1502 730 1571 759 Imo

859 784 941 809 recte
974 779 1171 819 κατηγορεῖτε,
1208 776 1268 805 nisi
1306 775 1354 803 vis
1389 783 1572 811 συγκατηγο-

859 823 943 862 ρεῖτε.
989 822 1085 860 Quasi
1102 820 1249 856 dixisset,
1265 819 1317 859 χρὴ
1335 818 1412 856 ὑμᾶς
1430 818 1472 856 μή
1492 815 1573 854 μόνον

860 865 1015 901 δικαστὰς,
1045 866 1125 894 ἀλλά
1151 862 1198 892 καὶ
1226 859 1396 899 κατηγόρους
1425 857 1572 896 γενέσθαι.

860 908 994 938 sedtum
1010 906 1200 946 ineptissima
1211 909 1300 935 erunt
1312 913 1379 942 quae
1390 905 1574 941 sequuntur,

860 951 908 980 οὐκ
928 949 960 989 ἐξ
981 950 1053 986 ἴσου,
1071 950 1131 979 nisi
1153 948 1269 987 aliquid
1292 945 1411 975 excidit
1436 948 1506 983 post
1526 943 1574 972 καὶ

860 993 1008 1028 δικαστής.
1054 994 1168 1022 Forsan
1188 990 1236 1020 καὶ
1264 989 1402 1021 δικαστῆς
1425 987 1472 1016 καὶ
1494 997 1575 1025 νομου

860 1035 961 1071 θέτης,
978 1040 1010 1066 ut
1027 1047 1053 1065 c.
1070 1034 1174 1065 Alcib.
1195 1035 1220 1063 I.
1239 1044 1270 1072 p.
1287 1034 1361 1063 139.
1374 1033 1427 1061 41.
1440 1031 1483 1069 μῆ
1496 1028 1574 1069 μόνον

861 1080 1003 1112 δικαστὰς
1017 1079 1097 1109 ἀλλὰ
1113 1075 1277 1116 νομοθέτας.

906 1124 980 1158 127,
993 1123 1046 1152 35.
1058 1124 1111 1151 τῶν
1121 1119 1278 1159 γινομένων.
1293 1115 1451 1158 κρινομένων
1465 1115 1574 1144 Reisk.

860 1164 921 1195 imo
931 1164 1035 1205 ἄκριτοι
1044 1175 1114 1194 mox
1124 1164 1274 1193 dicuntur.
1292 1160 1477 1198 Nonliquet.
1496 1159 1574 1188 Mox

860 1208 938 1248 lege,
949 1208 997 1237 καὶ
1006 1204 1079 1237 οὗτοι
1092 1205 1199 1246 μὲν--.
1209 1205 1353 1235 Ceterum
1366 1206 1447 1232 recte
1459 1201 1577 1230 Marki.

861 1251 874 1281 ὅ
904 1251 999 1284 αὑτός.
1052 1249 1215 1279 Demostli.
1245 1247 1328 1277 Phil.
1351 1247 1375 1275 l.
1402 1257 1431 1285 p.
1455 1246 1507 1278 53,
1525 1245 1577 1273 21.

861 1295 903 1323 R.
926 1294 991 1328 τοὺς
1017 1293 1118 1328 αὐτοὺς
1140 1294 1170 1321 α’..
1192 1289 1379 1330 στρατιώτας
1400 1292 1459 1317 etc.
1506 1286 1578 1316 Alia

862 1336 940 1367 ratio
963 1337 1013 1366 Ol.
1038 1336 1084 1366 ΙΙ.
1108 1346 1138 1375 p.
1161 1337 1215 1370 24,
1238 1336 1290 1364 24.
1335 1331 1416 1361 Vide
1439 1331 1530 1360 Dem.
1546 1339 1578 1368 p.

863 1383 916 1415 10,
933 1382 983 1410 12.
1002 1381 1055 1414 36,
1071 1381 1124 1410 26.

906 1424 983 1459 127,
1000 1424 1052 1453 39.
1069 1420 1141 1451 δίκην
1158 1421 1207 1451 τῆν
1220 1419 1311 1459 ἀξίαν.
1358 1417 1405 1447 An
1422 1415 1491 1446 dele
1507 1414 1578 1445 ‘'1'th

909 1468 983 1503 128,
997 1468 1027 1496 3.
1045 1466 1076 1496 Si
1095 1474 1202 1494 servas
1220 1462 1242 1492 δ’
1255 1466 1327 1502 post
1341 1460 1484 1494 τοσοῦτον,
1500 1467 1579 1496 pone

865 1513 967 1540 notam
984 1506 1192 1546 interrogandi
1209 1510 1281 1545 post
1297 1502 1499 1534 πεπίστευκεν.

910 1551 1007 1592 [103]
1024 1553 1098 1586 128,
1111 1552 1142 1580 4.
1155 1550 1215 1585 An,
1227 1545 1260 1578 ὧν
1272 1546 1347 1586 ἄξιον
1364 1542 1581 1585 ἐπιμεληθῆναι,

865 1594 1018 1635 ἀμφότερα
1032 1591 1257 1633 ἐνθυμουμένους.

907 1640 980 1672 128,
1006 1638 1036 1668 5.
1061 1638 1143 1676 Lege
1164 1634 1303 1669 ἐδύναντο,
1323 1632 1492 1671 potuissent,
1513 1639 1582 1659 cum

866 1680 1066 1709 Marklando.

910 1724 986 1756 128,
1002 1724 1033 1752 7.
1053 1721 1115 1757 An,
1132 1720 1218 1750 ποιεῖν
1237 1717 1371 1758 [ἐξεῖναι]
1394 1715 1410 1745 δ’
1426 1727 1456 1744 τι
1477 1714 1510 1743 ἂν
1527 1732 1581 1743 -.

870 1765 947 1794 Nam
961 1765 1053 1795 ἄδειαν
1067 1774 1135 1794 cum
1152 1758 1458 1801 vrevgayfafivwvjungi
1471 1757 1583 1787 frustra

867 1812 958 1846 negat
984 1809 1023 1837 R.
1051 1806 1189 1843 Thucyd.
1215 1805 1311 1833 VIII.
1337 1804 1389 1832 64.
1411 1800 1504 1829 ἄδειαν
1527 1801 1584 1830 τῶν

867 1849 1084 1890 πρασσομένων.
1129 1847 1236 1876 Simile
1260 1844 1362 1885 Lysiae
1384 1854 1417 1883 p.
1441 1844 1515 1874 917.
1541 1843 1582 1872 R.

868 1891 980 1932 ἐξουσία
999 1895 1056 1922 τῶν
1071 1888 1291 1930 πεπραγμένων.

915 1939 988 1971 128,
1011 1937 1061 1966 15.
1079 1935 1175 1973 Lege,
1197 1933 1243 1962 διὰ
1257 1930 1291 1961 τὸ
1308 1928 1440 1971 ὑμέτερον
1458 1928 1581 1962 πλῆθος.

866 1979 987 2017 plebem.

915 2025 988 2057 128,
1020 2023 1072 2052 19.
1101 2019 1188 2060 πέρας
1217 2018 1316 2058 ’έχουσι
1341 2016 1392 2049 τῖς
1422 2015 1500 2053 παρὰ.
1528 2016 1585 2044 τῶν

870 2063 975 2105 ἐχθρῶν
996 2063 1146 2104 τιμωρίας.
1194 2063 1345 2095 Primum,
1368 2067 1460 2098 quare
1484 2055 1585 2097 ’έχουσι

871 2110 975 2146 potius
986 2117 1076 2146 quam
1087 2106 1185 2146 εῖχονΊ.
1211 2104 1333 2134 Deinde
1346 2111 1453 2131 sensus
1469 2099 1585 2139 poscit,

871 2161 929 2181 non
944 2151 1071 2189 amplius
1085 2148 1212 2178 ”inimicis
1225 2152 1309 2176 erant
1327 2143 1459 2175 timendi.
1482 2142 1587 2172 Verba

872 2194 978 2232 potius
995 2196 1115 2228 sonant,
1131 2190 1247 2220 nullam
1263 2189 1388 2227 amplius
1401 2195 1516 2225 poenam
1532 2185 1586 2215 sibi

875 2239 976 2267 timent
1004 2236 1040 2265 ab
1070 2234 1205 2264 inimicis.
1235 2228 1389 2272 τιμωρίαν,
1414 2227 1496 2264 δίκην,
1524 2232 1587 2257 etc.

873 2280 985 2315 λαβεῖν,
1009 2276 1142 2317 κομίσαι,
1165 2281 1226 2306 etc.
1248 2276 1327 2315 παρὰ
1351 2271 1434 2307 τινὸς,
1456 2281 1486 2310 p.
1511 2272 1587 2306 123,

873 2325 926 2354 33.
953 2324 1027 2357 126,
1053 2323 1105 2351 33.
1134 2323 1165 2349 et
1188 2318 1311 2354 similia,
1338 2315 1506 2349 notissima,
1531 2313 1586 2342 sed

874 2366 982 2395 aliena.
1000 2366 1013 2395 ἣ
1032 2365 1110 2402 παρὰ
1128 2364 1182 2391 τῶν
1202 2361 1272 2390 θεῶν
1295 2357 1432 2399 τιμωρία,
1455 2367 1486 2395 p.
1511 2358 1587 2391 229,

875 2412 926 2439 14.
950 2410 1125 2441 Postremo,
1137 2414 1229 2444 quare
1245 2403 1367 2443 ἐχθρῶν,
1383 2399 1586 2440 generaliter!

874 2462 967 2491 quare
984 2460 1042 2480 non
1058 2448 1184 2479 ‘rozi‘reov'l
1230 2446 1379 2476 Mutilum
1399 2453 1465 2473 esse
1485 2443 1585 2471 locum

875 2494 1031 2534 suspicor.
1074 2494 1150 2522 Post
1168 2490 1335 2524 ἀπώλεσαν,
1351 2487 1400 2517 vel
1416 2484 1481 2521 ῥίον,
1499 2484 1587 2523 sequi

875 2539 990 2577 potuit,
1009 2537 1113 2565 horum
1134 2533 1240 2564 scelera
1262 2532 1372 2571 punire
1395 2540 1453 2559 non
1473 2528 1587 2566 potuis-

875 2586 953 2610 sent.-
985 2584 1073 2620 atque
1108 2586 1214 2611 omnes,
1251 2575 1341 2604 etiam
1379 2571 1587 2606 nocentissimi,

875 2623 963 2654 semel
979 2621 1127 2663 defuncti,
1143 2617 1230 2658 πέρας
1245 2617 1344 2658 ’έχουσι
1362 2619 1423 2645 etc.

920 2668 995 2701 128,
1010 2667 1061 2697 25.
1077 2666 1133 2693 τῶν
1148 2662 1243 2691 ἄλλων
1255 2659 1400 2690 Ἐλλήνων.
1446 2657 1515 2686 Non
1535 2655 1589 2684 ab·

878 2709 970 2738 surde
1005 2717 1115 2737 vocem
1151 2705 1242 2734 habet
1273 2708 1448 2741 suspectam
1484 2698 1589 2727 Mark-

877 2752 1002 2781 landus:
1022 2751 1092 2781 vide
1108 2758 1174 2778 mea
1192 2743 1430 2776 Demosthenica
1446 2741 1482 2771 ad
1501 2742 1534 2770 F.
1551 2739 1589 2770 L.

877 2805 909 2833 p.
933 2796 986 2825 36.
1032 2794 1144 2832 Neque
1168 2795 1267 2820 tamen
1292 2795 1416 2828 prorsus
1443 2785 1590 2813 damnare

878 2837 986 2867 aushn.

922 2882 998 2915 128,
1015 2880 1069 2910 39.
1086 2876 1117 2907 ἐκ
1131 2877 1186 2905 τῶν
1202 2872 1395 2913 πραγμάτων.
1435 2868 1469 2898 Si
1485 2878 1590 2898 sanum

879 2928 936 2958 est,
948 2922 1029 2962 qnod
1043 2931 1101 2950 non
1118 2929 1208 2957 nege,
1219 2915 1372 2952 intelligo,
1384 2911 1415 2941 ἐκ
1431 2912 1480 2941 τοῦ
1496 2913 1589 2951 πράτ-

878 2968 936 2995 τείν
950 2967 990 2995 ταὶ
1006 2965 1131 3003 ωρίιγμ.
1182 2959 1256 2988 Vid.
1273 2969 1306 2997 p.
1325 2956 1398 2992 135,
1416 2957 1467 2985 18.
1524 2955 1590 2983 Nos

879 3010 915 3050 by
945 3007 1096 3046 metldling
1126 3002 1194 3033 with
1224 3001 1355 3040 politics:
1391 2998 1454 3033 vel,
1481 2997 1590 3027 eodem
