1819 3219
692 188 1024 229 PRAEFATIO.
1526 189 1580 229 25

129 310 223 346 ergo
243 297 405 340 eveniat,
436 302 477 335 ut
506 291 713 334 editionem
744 296 1030 334 Londinensem
1060 308 1147 333 cum
1171 295 1244 334 hac
1270 302 1400 335 nostra
1421 309 1577 346 compa-

127 364 270 403 rantes,
290 359 340 395 al»
375 359 450 396 hoc
480 359 606 409 primo
626 364 758 396 nostro
788 358 978 395 volumine
999 357 1267 395 exterminatas
1288 365 1453 395 cernant
1476 358 1579 407 ejus-

124 419 229 457 modi
252 420 479 470 quisquilias
506 420 803 470 depravatarum
836 419 1061 465 lectionum,
1097 425 1253 469 rogatos
1284 431 1349 455 eos
1384 419 1509 465 velim,
1538 426 1578 457 ut

123 481 368 531 praecipitare
383 481 574 532 judicium
595 482 729 527 nolint,
751 481 817 518 sed
838 481 1012 530 querelas
1046 480 1095 517 de
1126 479 1368 517 mutilatione
1390 480 1579 530 tantisper

124 543 345 593 reprimant,
366 544 491 582 donec
524 543 734 581 secundum
755 543 932 580 volumen
959 541 1159 592 prodierit,
1193 541 1260 578 ubi
1289 541 1392 578 seces
1420 541 1520 590 ipsas
1540 547 1578 577 et

125 609 292 642 stercora
314 604 494 642 editionis
515 604 771 642 Londinensis
792 603 966 649 reddam,
992 603 1196 650 locumque
1215 602 1417 640 calumniae
1447 601 1577 638 exclu—

122 664 225 710 dam,
243 678 289 703 ac
311 666 340 703 si
363 667 459 703 mala
480 666 614 704 fraude
634 679 712 703 rem
734 667 949 714 gessissem.
1006 665 1111 702 Nihil
1128 664 1225 701 enim
1248 677 1377 701 eorum
1393 663 1577 706 omnium,

124 739 211 775 quae
232 727 485 765 Londinensis
512 728 631 765 editio
659 732 776 773 tenet,
796 727 919 764 sciens
941 726 1148 774 volensque
1169 725 1480 776 praetermiuann
1505 724 1575 760 nisi

123 789 155 825 si
175 800 260 836 quae
279 788 360 838 ipse
382 788 566 838 profitear
586 802 645 827 me
670 789 914 833 omissurum,
937 801 1023 836 qnae
1046 794 1133 825 sunt
1154 794 1190 825 et
1211 800 1348 838 pauca,
1369 792 1407 824 et
1438 786 1575 823 nullius

123 852 331 894 momenti3
361 863 498 901 nempe
527 851 595 888 has
624 856 700 888 tres
727 849 881 901 Taylori
912 849 1175 900 praefationes,
1205 862 1316 886 unam
1338 847 1386 885 ad
1406 848 1575 897 Tempe-

123 917 240 957 stum,
269 912 428 949 alteram
456 911 505 949 ad
526 913 777 963 Mangeyum,
809 911 960 948 tertiam
992 911 1040 948 ad
1075 910 1286 949 Clarkium.
1344 909 1388 946 In
1417 907 1574 958 reliquis.

123 972 333 1011 reddendis
354 972 469 1011 fidem
492 974 637 1012 servavi
658 979 697 1010 et
717 973 879 1011 servabo
895 986 1013 1023 porro
1033 973 1329 1010 sanctissimam.
1386 971 1494 1015 Quas
1509 970 1575 1007 viri

122 1034 229 1072 docti
248 1034 445 1073 dedissent
463 1035 511 1073 ad
535 1036 686 1086 Lysiam
707 1034 990 1080 annotationes,
1013 1047 1076 1072 eas
1098 1035 1148 1071 nil
1178 1034 1411 1078 decurtatas,
1435 1033 1484 1069 nil
1505 1034 1575 1069 im-

122 1101 302 1143 mutatas,
331 1096 425 1147 ips-is
452 1110 583 1135 eorum
613 1097 742 1134 verbis
769 1095 933 1141 reddidi,
956 1098 1108 1134 tametsi
1127 1108 1301 1146 persaepe
1321 1096 1491 1133 locorum
1514 1106 1576 1130 eas

121 1170 255 1208 parum
281 1158 500 1208 probarem.
557 1158 687 1195 Fidem
717 1160 802 1208 ipse
823 1171 946 1195 meam
968 1157 1201 1201 minuissem,
1224 1171 1396 1207 meaeque
1417 1155 1575 1193 editioni

122 1219 391 1257 auctoritatem
413 1219 678 1267 detraxissem,
698 1219 728 1257 si
758 1219 969 1265 licentiam,
994 1219 1178 1257 nefariam
1213 1220 1314 1256 illam
1347 1217 1504 1268 quidem
1539 1222 1577 1253 et

123 1280 276 1334 minime
305 1281 556 1326 tolerandam,
579 1295 666 1332 quae
694 1281 960 1332 displicerent,
987 1281 1166 1332 tollendi⁷
1199 1281 1290 1318 mihi
1323 1292 1576 1330 arrogassem.

122 1342 255 1380 Nihilo
275 1342 394 1392 magis
416 1343 507 1381 mihi
529 1343 659 1381 datum
682 1343 757 1382 hoc
778 1344 1008 1388 existimavi,
1031 1350 1072 1382 ut
1092 1343 1180 1381 viris
1198 1342 1428 1380 doctissimis
1461 1346 1500 1378 et
1529 1340 1577 1378 de

121 1405 318 1443 literatura
340 1406 481 1444 Graeca
503 1407 654 1457 egregie
675 1406 819 1444 meritis
840 1413 1028 1456 perpetuo
1049 1406 1293 1457 oggannirem
1311 1418 1319 1443 ε
1342 1416 1575 1455 quamquam

123 1466 225 1504 haud
246 1479 331 1505 raro
351 1468 586 1517 gravissimae
607 1474 715 1505 erant
735 1481 862 1506 causae
890 1469 1019 1518 lapsus
1047 1481 1176 1506 eorum
1200 1467 1373 1506 notandi.
1431 1466 1578 1503 Censo-

122 1541 200 1566 rem
220 1540 332 1578 agere
353 1534 468 1578 atque
489 1529 793 1579 objurgatorem,
823 1529 1014 1575 odiosum,
1042 1536 1081 1568 et
1101 1529 1281 1580 putidum
1303 1528 1521 1572 videbatur,
1541 1532 1579 1564 et

123 1589 342 1639 malignum.
400 1591 567 1640 Ipsemet
588 1605 702 1641 aequo
729 1592 856 1628 animo
885 1591 1031 1628 laturus
1051 1605 1127 1629 non
1149 1593 1233 1637 sim,
1257 1592 1285 1629 si
1308 1590 1393 1641 quis
1421 1589 1578 1628 criticus

123 1652 376 1702 sycophanta,
399 1652 513 1689 homo
532 1653 775 1702 Toupianus,
792 1652 932 1689 infesto
951 1653 1067 1690 dente
1088 1654 1376 1690 lucubrationes
1397 1663 1499 1688 meas
1517 1650 1578 1687 di-

124 1713 256 1751 laniet.
315 1714 504 1751 Praeterea
534 1713 676 1751 chartis
707 1713 942 1765 parcendum
965 1714 1144 1751 videbam
1175 1727 1272 1759 esse,
1307 1714 1578 1762 lectorumque

123 1775 279 1825 pudori,
312 1774 387 1812 hoc
426 1782 497 1820 est,
527 1775 738 1813 cavendum
779 1789 826 1813 ne
858 1789 988 1813 eorum
1023 1775 1175 1826 ingenio
1211 1774 1384 1812 diffidere
1415 1774 1577 1811 viderer.

126 1837 253 1883 Ultro,
271 1849 332 1874 me
351 1836 560 1884 indicente,
580 1836 887 1874 animadvertent
909 1850 1065 1886 sagaces
1085 1844 1201 1886 atque
1218 1850 1342 1874 rerum
1366 1836 1579 1884 intelligen-

123 1904 181 1937 tes
200 1901 365 1936 lectores
388 1899 801 1944 virorumdoctorum,
822 1898 980 1949 Taylori
1002 1904 1094 1949 puta
1116 1904 1233 1948 atque
1256 1896 1490 1943 Madd-andi,
1513 1896 1579 1934 ha-

122 1959 388 1998 lucinationes.
447 1960 578 1998 Minus
598 1960 829 1998 invidiosum
851 1960 1069 1998 arbitrabar
1089 1974 1185 2006 esse,
1209 1973 1355 1998 errores
1377 1971 1507 1997 eorum
1529 1957 1579 1994 ab

123 2021 207 2060 aliis
236 2022 339 2060 aliud
371 2022 573 2073 agentibus
605 2022 729 2060 obiter
761 2022 1006 2072 reprehendi,
1037 2035 1152 2072 quam
1183 2035 1203 2060 a
1234 2036 1307 2069 me,
1330 2021 1395 2071 qui
1418 2019 1579 2058 editoris

123 2095 326 2134 personam
360 2083 441 2133 ipse
472 2083 562 2121 mihi
594 2083 875 2134 imposuissem,
906 2083 978 2120 hoc
999 2090 1058 2121 est
1079 2084 1267 2134 praeconis
1290 2080 1579 2134 quodammodo

124 2157 270 2190 eorum,
290 2158 377 2195 quae
398 2145 450 2183 illi
471 2145 613 2196 scripta
636 2145 893 2194 reliquissent.
951 2145 1133 2195 Denique
1154 2145 1263 2182 locus
1290 2145 1402 2182 etiam
1421 2143 1579 2180 videba-

125 2212 188 2244 tur
209 2206 507 2248 adolescentulis
537 2206 812 2257 relinquendus
842 2220 924 2245 esse
958 2207 1101 2257 ingenii
1135 2205 1376 2257 proferendi,
1405 2205 1469 2253 qui
1492 2217 1580 2255 pro-

125 2267 214 2318 pius
230 2267 278 2306 ad
300 2267 449 2305 veniam
471 2274 636 2318 peccant
660 2281 706 2306 ex
732 2267 853 2306 aliena
886 2269 1120 2306 contumelia
1152 2268 1292 2305 famam
1328 2273 1580 2317 aucupantes.

125 2329 284 2367 Poterat
305 2329 426 2380 spissa
446 2328 510 2366 illa
528 2330 819 2367 annotationum
842 2330 992 2380 farrago
1011 2330 1151 2380 passim
1173 2331 1344 2368 locorum
1367 2329 1404 2367 in
1427 2327 1579 2366 brevius

126 2391 316 2437 contrahi,
333 2391 448 2429 semel
468 2397 613 2429 tantum
636 2392 847 2430 indicando
868 2392 1024 2443 Taylori
1046 2398 1164 2442 atque
1186 2391 1409 2430 Marklandi
1424 2390 1578 2429 easdem

127 2454 167 2492 in
196 2452 436 2503 suspiciones
465 2465 708 2498 consensum,
731 2453 795 2503 qui
823 2456 897 2491 tam
928 2466 1031 2503 saepe
1064 2453 1161 2491 inter
1188 2467 1227 2491 se
1255 2453 1514 2498 consentiunt,
1541 2457 1582 2488 ut

127 2513 315 2552 miraculo
336 2513 394 2562 fit,
414 2514 480 2565 qui
503 2514 584 2552 fieri
605 2516 794 2564 potuerit,
808 2520 848 2552 ut
869 2514 947 2552 duo
964 2527 1121 2565 prorsus
1144 2515 1179 2552 in
1195 2515 1349 2553 easdem
1374 2512 1581 2552 sententias

127 2582 205 2614 tam
227 2589 328 2626 saepe
344 2576 577 2627 cogitatione
593 2574 854 2621 deferrentur;
878 2575 995 2614 taedio
1016 2576 1193 2627 profecto
1209 2576 1351 2626 legenti
1367 2582 1426 2613 est
1445 2574 1578 2613 eadem

127 2638 243 2676 toties
263 2638 405 2677 iterari.
462 2638 507 2675 In
527 2637 747 2676 Marklaudi
770 2638 1088 2676 annotationibus
1109 2638 1201 2676 milii
1224 2638 1377 2688 quidem
1401 2636 1501 2674 haud
1522 2647 1581 2672 ar—

128 2699 231 2738 ridet
250 2700 312 2738 illa
334 2699 530 2737 affectatio
546 2713 671 2737 rerum
692 2700 742 2737 ab
758 2706 984 2750 argumento
1005 2700 1230 2738 alienarum.
1281 2700 1483 2749 Nusquam
1508 2709 1581 2733 non

129 2768 258 2812 captat
279 2761 517 2809 occasiones,
538 2775 639 2811 saepe
665 2762 802 2800 invitas
826 2769 864 2799 et
893 2762 1142 2808 reluctantes,
1175 2776 1291 2813 super
1312 2763 1423 2799 Novo
1444 2761 1581 2796 Testa-

130 2830 260 2861 mento
280 2823 517 2874 disputandi.
575 2823 656 2861 Mei
677 2823 706 2868 si
728 2836 786 2861 res
808 2823 940 2862 fuisset
963 2824 1121 2869 arbitrii,
1143 2832 1303 2862 cunctas
1332 2823 1412 2860 illas
1446 2821 1582 2871 dispu-

131 2882 294 2920 tationes
310 2884 481 2928 obtorto,
501 2883 605 2934 quod
624 2883 745 2927 aiunt,
763 2884 864 2921 collo
881 2884 956 2924 huc
977 2890 1147 2934 raptatas
1162 2884 1408 2921 induxissem.
1457 2883 1583 2919 Sunto

132 2943 247 2988 enim,
277 2944 512 2982 cuicuimodi
545 2951 657 2990 sunt:
691 2946 870 2995 placento
891 2945 1190 2996 quibuscunque
1217 2951 1413 2995 poterunt,
1434 2956 1502 2993 per
1523 2956 1581 2980 me

814 3018 838 3044 E
