1819 3219
28 252 36 265 ⁸
56 257 75 279 ἦ

648 181 837 224 LYSIAE
867 182 1024 225 VITA.
1507 182 1562 223 59

116 289 228 328 δὲκαὶ
245 291 298 332 εἷς
313 288 426 326 αὑτὸν
440 287 661 339 ἐπίγραμμα
675 288 866 334 Φίλισκος,
889 290 908 326 ὁ
922 288 1156 339 Ἰσοκράτους
1170 287 1240 338 μὲν
1255 293 1453 339 γνώριμος,
1467 286 1565 325 ἑταῖ-

112 367 174 400 ρος
193 349 229 387 δὲ
246 349 406 395 Λυσίου,
427 348 469 387 δι’
489 348 530 387 οὗ
548 349 796 401 φανερὸν,·ὡς
814 347 1001 400 προέλαβε
1020 354 1099 392 τοῖς
1119 350 1251 394 ἔτεσιν,
1272 350 1331 385 καὶ
1349 349 1385 385 ἐκ
1404 356 1473 386 τῶν
1495 347 1564 385 ὑπὸ

113 411 319 455 Πλάτωνος
337 413 538 463 εἰρημένων
558 411 828 451 ἀποδείκνυται.
847 411 925 463 ἔχει
940 411 979 449 δὲ
997 410 1125 457 οὕτως,

219 501 449 547 Καλλίππης
468 498 644 550 θύγατερ,
664 490 884 550 ἰι-ολυηγόρε,4
904 497 1067 551 φροντίδι
1086 497 1212 545 δείξεις

274 561 322 598 Εἰ’
342 578 376 599 τι
401 566 547 613 φρονεῖς
568 561 588 582 ³¹⁶
606 563 626 582 *
647 565 710 598 καί
727 578 761 598 τι
780 561 956 612 περισσὸν
975 561 1087 612 ἔχεις.

221 622 302 660 Τὸν
320 625 392 674 γὰρ
410 623 449 666 ἐς
468 620 570 660 εἷ’λλο
588 629 717 674 σχῆμα
737 621 1062 673 μεθαρμοσθέντα,
1083 623 1142 659 καὶ
1160 622 1294 663 ἄλλοις

274 686 336 723 Ἐν
355 685 523 735 κόσμοισι
540 683 629 733 βίου
650 690 757 734 σῶμα
773 682 934 731 λαβόνθ’
954 676 1089 734 ἕτερον,

221 745 283 782 Δεῖ
301 748 333 784 σ’
350 748 481 797 ἀρετῆς
501 748 635 796 κήρυκα
651 750 766 783 τεκεῖν
785 746 868 783 τινὰ
888 745 1166 797 Λυσιδιίῖμνον,

272 806 395 845 Δόντα
412 806 689 859 καταφθίμενον
709 809 768 844 καὶ
789 810 886 859 σοφῷ
906 806 1116 845 ἀθάνατον·

213 868 288 911 “Ος
307 870 378 907 τοτ’
397 868 486 920 ε’μῆς
506 869 633 922 ψυχῆς
653 869 763 914 δεῖξαι
789 870 1003 920 φιλέταιρον
1022 870 1142 906 ἅπασι

275 930 353 969 Καὶ
371 934 438 975 τὴν
453 934 515 968 τοῦ
534 929 712 983 φθιμένου
734 934 827 968 πᾶσι
845 928 995 980 βροτοῖς
1014 932 1163 980 ἀρετήν.

169 1017 269 1061 Quae
285 1029 331 1054 ne
347 1016 462 1068 plane
480 1016 668 1055 intentata
685 1016 957 1067 relinquamu8‚
975 1016 1075 1054 habe
1098 1017 1143 1054 B.
1159 1017 1202 1054 L.
1220 1015 1266 1053 ad
1285 1013 1565 1052 vexatissimum

115 1078 430 1129 (ἰποσπασμάτιον
450 1078 510 1117 Cl.
530 1078 752 1116 Marklandi
773 1077 1036 1127 conjecturas.
1092 1077 1150 1114 En
1178 1077 1248 1114 tibi
1280 1077 1407 1127 Ipsius
1423 1075 1563 1113 Verba.

117 1143 142 1160 “
157 1139 447 1189 Corruptissimi
467 1139 582 1188 hujus
603 1139 898 1190 Epigrammatis
921 1139 996 1177 hoc
1022 1138 1264 1189 propositum
1285 1151 1369 1175 esse
1389 1137 1566 1175 videtur:

118 1199 338 1250 Compellat
358 1201 511 1238 Musam
535 1213 640 1238 suam
671 1201 877 1246 Philiscus,
907 1205 947 1238 et
966 1200 1074 1247 dicit,
1095 1200 1224 1250 Ipsam
1250 1199 1393 1237 debere
1413 1209 1568 1236 carmen

115 1273 349 1311 componere
378 1262 417 1299 in
447 1261 625 1300 defuncti
654 1263 778 1300 Amici
805 1263 864 1301 sui
886 1263 1014 1314 Lysiae
1035 1264 1214 1301 Statuam
1232 1261 1440 1313 quandam,
1463 1274 1565 1311 quae,

114 1329 158 1362 ut
176 1323 339 1370 videtur,
361 1323 433 1361 sub
452 1324 611 1361 Juvenis
633 1324 763 1374 specie
781 1324 1047 1376 effingebatur.
1077 1324 1167 1363 ideo
1198 1330 1326 1362 autem
1350 1325 1481 1374 Ipsam
1502 1336 1567 1360 ac-

116 1391 249 1423 curate
279 1385 354 1422 hoc
383 1383 512 1422 facere
543 1384 703 1436 debere,
730 1391 773 1423 ut
792 1392 831 1424 et
860 1386 943 1424 Diis
971 1386 1114 1437 probet
1140 1387 1333 1424 sincerum
1364 1383 1480 1422 animi
1509 1384 1566 1421 sui

114 1449 296 1487 affectum
317 1461 404 1499 erga
425 1454 614 1486 mortuum
636 1449 839 1499 Sodalem;
868 1456 907 1488 et
927 1450 1052 1495 simul,
1070 1456 1111 1488 ut
1126 1450 1357 1488 Hominibus
1375 1448 1566 1493 ostendat,

116 1516 263 1560 quanta
283 1509 409 1560 Lysiae
432 1510 563 1547 Virtus
590 1509 718 1549 suerit.
779 1510 875 1548 Haec
906 1511 1110 1557 Philiscus,
1139 1512 1275 1561 pulcro
1307 1517 1346 1549 ct
1378 1509 1565 1548 laudabili

116 1577 343 1622 argumento
365 1571 684 1621 Epigrammatis3
715 1573 828 1621 cujus
850 1573 963 1610 verba
987 1574 1038 1611 ita
1059 1574 1145 1623 lego
1160 1573 1194 1611 :⁷'

223 1651 443 1696 Καλλιόπης
464 1649 624 1701 θύγατερ
644 1653 865 1702 πολυηγόρε,
882 1651 1043 1701 φροντίδι
1064 1651 1187 1698 δείξεις

277 1712 323 1749 E't'
343 1728 376 1749 τι
396 1717 540 1763 φρονεῖς
561 1712 727 1758 πινυτὸν,
744 1715 803 1750 καί
819 1728 853 1750 τι
871 1712 1048 1763 περισσὸν
1068 1714 1183 1763 ἔχεις.

221 1772 284 1824 Τῷ
304 1774 375 1822 γὰρ
390 1773 428 1815 ἐς
448 1772 545 1810 ἄλλο
567 1782 695 1824 σχῆμα
714 1772 1029 1824 μεθαρμοσθέντι,
1046 1775 1106 1810 καὶ
1122 1774 1256 1815 ἄλλοις

274 1834 346 1872 Σῦν
366 1836 533 1886 κόσμοισι
554 1837 635 1873 νέου
650 1842 757 1886 σῶμα
775 1834 931 1882 λαβόνθ’
952 1835 1087 1886 ἕτερον,

221 1897 283 1934 Δεῖ
303 1899 334 1934 σ’
349 1898 479 1946 ἀρετῆς
498 1899 632 1947 κήρυκα
653 1901 767 1934 τεκεῖν
787 1899 869 1934 τινὰ
882 1896 1014 1948 Λυσίᾳ
1035 1896 1152 1947 ὕμνον

275 1957 386 1996 Δύντι
405 1957 701 2010 καταφθιμένων,
721 1960 779 1995 καὶ
797 1960 919 2008 ’ζόφον
938 1958 1170 2001 Ἀθανοίτοις

213 2018 281 2062 ’Ὡς
300 2022 340 2058 τό
360 2023 388 2059 τ’
402 2020 492 2071 ἐμῆς
513 2021 638 2071 ψυχῆς
657 2019 767 2066 δεῖξαι
787 2021 1000 2071 φιλέταιρον
1020 2022 1152 2066 ἅπασι,

275 2084 349 2118 Καὶ
369 2084 435 2127 τὴν
450 2086 513 2120 τοῦ
532 2083 704 2133 φθιμένου
725 2087 817 2120 πᾶσι
837 2080 986 2130 βροτοῖς
1006 2084 1157 2133 ἀρετήν.

225 2175 415 2226 Calliopes
420 2175 515 2227 filia
533 2175 771 2227 multiloqua,
796 2174 888 2214 οιινά
908 2175 974 2213 tua
995 2177 1167 2215 ostendes

279 2235 323 2273 Si
343 2237 439 2286 quid
454 2237 618 2286 sapiens,
638 2238 801 2288 cogitas,
823 2241 861 2273 et
879 2236 976 2287 quid
992 2237 1172 2274 eximium
1191 2236 1304 2274 habes
1318 2252 1328 2273 :

225 2298 272 2335 In
293 2298 411 2335 aliam
430 2299 529 2336 enim
548 2299 707 2348 speciem
726 2299 792 2349 qui
814 2298 1208 2349 transmutatussuz‘t,
1224 2303 1274 2343 et,
1293 2297 1385 2336 aliis

278 2359 373 2397 Cum
394 2359 597 2397 ornatibus
605 2361 778 2409 juvenis,
799 2372 939 2410 corpus
958 2360 1026 2409 qui
1046 2360 1192 2410 accepit
1211 2359 1417 2405 diversum,

223 2422 389 2471 Oportet
407 2425 455 2465 te,
473 2433 559 2471 quae
575 2433 706 2470 praeco
726 2435 762 2458 es
781 2421 956 2468 virtutis,
973 2433 1111 2471 parere
1130 2420 1290 2472 aliquod
1307 2434 1457 2459 carmen

436 2481 613 2531 Lysiaz*

278 2544 357 2588 Qui
374 2542 496 2580 subiit
515 2542 708 2591 regionem
729 2542 1011 2593 defunctorum,
1031 2547 1066 2580 et
1089 2542 1261 2580 tenebras
1275 2558 1287 2579 :
1320 2543 1418 2581 Diis

224 2606 276 2644 Ut
295 2610 330 2642 et
350 2605 471 2641 animi
492 2605 564 2641 mei
584 2604 755 2642 studium
774 2617 868 2654 erga
889 2603 1056 2642 sodalem
1076 2603 1254 2642 ostendas
1272 2605 1460 2649 omnibus,

276 2668 333 2705 Et
351 2665 528 2716 defuncti
550 2666 724 2704 omnibus
743 2665 969 2703 mortalibus
989 2667 1184 2705 virtutem.

119 2759 146 2775 “
164 2754 208 2790 ln
230 2752 345 2790 tertio
366 2764 479 2789 versu
501 2756 539 2789 et
559 2751 811 2800 sequentibus
833 2752 944 2789 Ordo
965 2752 1181 2790 Verborum
1204 2752 1265 2790 hic
1292 2758 1374 2789 est:
1403 2751 1467 2788 Δεῖ
1497 2750 1569 2800 γάρ

119 2831 171 2862 σε,
187 2817 317 2864 κήρυκα
337 2815 480 2865 ἀρετῆς,
500 2818 615 2851 τεκεῖν
639 2816 720 2853 τινὰ
739 2814 857 2863 ὕμνον
877 2817 925 2866 τῷ
943 2814 1072 2864 Λυσίᾳ
1091 2813 1394 2866 μεθαρμοσθέντι
1414 2813 1452 2855 ἐς
1472 2814 1569 2852 ἄλλο

162 2917 180 2935 *¹
205 2916 330 2946 Rectius
361 2918 438 2947 sorte
468 2920 621 2947 vertatur:
655 2916 773 2955 Oportet
795 2922 822 2945 et
860 2916 973 2957 κήρυκα,
994 2927 1053 2946 non
1085 2926 1117 2945 σε
1141 2916 1252 2955 κήρυκα.
1310 2916 1375 2957 [lta
1404 2916 1568 2947 Markland

120 2960 234 2990 virtutis
247 2970 405 2999 praeconem
425 2969 716 2998 parere—carmen:
742 2959 823 3000 ὕμνον
857 2959 925 2999 ipse
940 2960 970 2990 in
987 2959 1174 2999 Addendis.]
