1819 3219
272 192 352 234 EK
393 188 545 232 ΤΩΝ
586 186 850 231 MONTE.
896 185 1371 228 TOT'AAIKAPN.
1479 181 1546 234 71

102 303 226 368 μηδὲν
253 303 362 346 ἄλλο
392 320 538 351 ταυτης
567 298 854 356 ἀκριβέστερον
886 297 1018 348 ζητεῖν
1047 300 1265 354 κριτήριον,
1295 302 1415 339 τοῦτο
1438 297 1551 353 κᾰγὼ

103 375 190 418 τοῖς
209 369 534 424 ἀναγινώσκουσι
565 367 637 408 τὸν
665 368 834 412 Λυσίαν,
859 368 922 406 καὶ
950 366 1012 411 τίς
1032 364 1056 411 ἡ
1088 362 1181 418 παρ’
1203 363 1309 416 αὐτῷ
1330 364 1450 417 χάρις
1471 365 1554 404 ἐστὶ

102 432 379 489 βουλομένοις
397 431 554 485 μαθεῖν,
582 431 841 483 ὑποθείμην’
831 449 880 471 αν
901 427 1138 478 ἐπιτηὸευειν
1161 428 1300 483 χρόνῳ
1320 426 1468 487 ποᾼλω
1490 431 1553 469 καὶ

102 501 233 554 μακρᾷ
259 496 384 554 τριβῇ
407 500 470 539 καὶ
502 495 644 551 ἀλόγῳ
673 493 791 537 πάθει
814 496 888 543 τὴν
917 493 1079 549 ἄλογον
1111 502 1323 535 συνασκεῖν
1354 490 1554 540 αἴσθησιν.

102 564 249 612 ταύτην
280 565 412 617 μέντοι
435 564 647 639 κρατίστην
674 577 712 601 τε
739 559 883 615 ἀρετὴν
911 563 974 601 καὶ
1000 557 1467 615 χαρακτηριστικωτάτην
1486 562 1557 604 τῆς

105 630 259 670 Λυσίου
279 627 324 669 λε
315 626 472 675 Μξεως
456 644 584 682 εγωγε
609 623 809 679 πείθομαι,
835 624 907 666 εἴτε
929 625 1086 679 φυσεως
1109 641 1234 672 αυτην
1256 619 1313 663 οεῖ
1339 620 1476 663 καλεῖν
1495 622 1557 662 εὐ·

104 696 265 749 τυχίαν,
287 711 359 735 ειτε
379 693 510 735 πόνου
533 695 595 735 καὶ
613 693 761 747 τέχνης,
783 692 989 746 ἐργασίαν,
1007 689 1077 731 εἴτε
1091 707 1231 743 μικτην
1248 685 1290 735 ἐξ
1306 686 1458 742 ἀμφοῖν
1475 683 1558 733 ἕξιν

104 758 130 808 ἢ
151 755 380 812 δύναμιν,
355 763 381 813 vj
412 758 570 805 πάντας
599 757 781 812 ὑπερέχει
812 756 908 803 τοὺς
938 754 1112 802 λοιποὺς
1138 752 1332 809 ῥητορεις.
1366 755 1428 793 καὶ
1461 754 1559 793 ὅταν

105 821 285 879 διαπορῶ
316 825 407 878 περί
435 840 548 870 τινος
578 824 660 863 τῶν
683 821 994 876 ἀναφερομένων
1021 822 1077 867 εἰς
1099 819 1224 860 αὐτὸν
1245 818 1403 873 λόγων,
1425 820 1486 858 καὶ
1505 818 1559 870 μὴ

105 887 249 944 ῥᾴδιον
268 886 293 944 ᾗ
314 906 382 942 μοι
403 885 468 929 διὰ
488 889 570 928 τῶν
591 885 738 928 ἄλλων
760 888 933 938 σημείων
962 883 1137 933 τάληθὲς
1159 884 1301 938 εὑρεῖν,
1325 885 1388 924 ἐπὶ
1414 884 1561 931 ταύτην

106 954 344 1009 καταφεύγω
363 953 437 1001 τὴν
459 951 617 1007 ἀρετὴν,
646 951 702 998 ὡς
731 952 794 992 ἐπὶ
822 950 972 1004 ψήφων
994 949 1186 1004 ἐσχάτην.
1210 947 1339 989 ’ἔπειτα
1359 946 1410 989 ἂν
1429 950 1501 1001 μὲν
1522 949 1562 988 αἱ

110 1015 275 1074 χάριτες
306 1019 345 1059 αἱ
376 1022 446 1066 τῆς
479 1014 628 1064 λέξεως
661 1016 887 1068 ἐπικοσμεῖν
920 1012 1069 1056 δοκῶσί
1097 1031 1166 1067 μοι
1192 1014 1265 1062 τὴν
1293 1013 1471 1067 γραφὴν,
1491 1018 1562 1060 τῆς·

106 1085 261 1125 Λυσίου
289 1083 428 1138 ψυχῆς
457 1081 583 1130 αὐτὴν
613 1079 778 1134 τίθεμαι,
806 1082 871 1127 καὶ
898 1077 1017 1120 οὐδὲν
1051 1077 1104 1119 ἐ’τι
1135 1076 1381 1133 ποῤῥωτέρω
1416 1078 1563 1125 ταύτης

107 1152 274 1190 σκοπεῖν
295 1145 409 1194 ἀξιῶ·
442 1146 512 1188 ἐὰν
538 1143 578 1188 δὲ
606 1143 802 1200 μηδεμίαν
823 1141 977 1193 ἡδονὴν
1002 1140 1099 1198 μηδὲ
1120 1141 1343 1214 α’ίφροδίτην
1366 1145 1388 1184 ὁ
1410 1148 1481 1190 τῆς
1501 1140 1565 1183 λέ·
1581 1141 1660 1180 lxix

107 1255 140 1291 in
155 1261 223 1291 loco
239 1271 294 1291 nec
309 1271 327 1290 a
347 1270 380 1289 se
403 1260 540 1289 consulto
562 1259 605 1289 ita
625 1260 816 1289 emendatum

109 1314 177 1334 esse
193 1304 308 1339 docuit,
328 1314 384 1333 nec
407 1313 460 1333 cur
482 1303 524 1332 ita
543 1302 711 1332 correxerit
726 1302 817 1337 dixit,

109 1357 165 1376 nec
181 1346 462 1385 interpretationem
478 1346 600 1385 adjecit,
618 1356 672 1375 nec
688 1347 762 1374 hanc
779 1346 816 1374 ob

109 1399 229 1419 causam
252 1388 387 1419 laudavit
409 1389 510 1418 locum
534 1388 687 1426 Dionysii,
711 1389 765 1418 sed
786 1393 818 1417 ut

109 1432 287 1472 explicaret,
309 1431 381 1471 quid
408 1431 448 1461 sit
468 1431 568 1469 ἄλογος
590 1431 740 1466 αἴσθησις,
762 1441 817 1461 nec

110 1475 239 1515 denique
255 1475 329 1504 satis
345 1474 478 1514 diligens
490 1474 548 1504 fuit
559 1475 589 1503 in
604 1474 817 1504 describendo.

111 1528 178 1547 nam
190 1523 237 1548 ter
250 1518 279 1547 in
295 1518 351 1548 hoc
365 1517 434 1547 loco
449 1519 485 1546 ab
499 1517 591 1547 editis
603 1517 690 1547 libris
705 1517 818 1556 Diony-

110 1561 149 1590 sii
164 1561 325 1600 discrepat.
353 1562 435 1600 Ergo
446 1561 553 1590 eodem
563 1561 632 1598 jure
644 1561 708 1589 haec
719 1570 820 1589 ernen-

113 1603 196 1633 datio
221 1604 345 1633 librario
370 1609 401 1633 et
424 1603 561 1633 Victorio
585 1603 678 1632 tribui
708 1608 820 1642 potest,

114 1656 169 1676 nec
192 1647 252 1676 ulla
268 1647 354 1675 adest
369 1656 470 1680 causa,
488 1656 540 1675 cur
557 1644 685 1674 consilio
707 1646 821 1683 potius,

113 1699 201 1728 quam
225 1699 280 1728 per
304 1688 547 1727 imprudentiam,
575 1693 627 1717 aut
654 1688 724 1727 quia
748 1688 819 1717 nihil

114 1732 197 1761 aliud
210 1733 238 1761 ei
255 1736 316 1761 tum
333 1731 364 1760 in
381 1735 509 1761 mentem
526 1731 676 1766 veniebat,
689 1731 730 1760 ita
746 1731 820 1760 scri-

114 1779 199 1814 ptum
216 1785 284 1804 esse
304 1774 450 1803 dieamus.
495 1773 651 1812 Sylburgii
669 1784 760 1812 porro
777 1775 820 1803 in-

113 1817 292 1856 terpretatio
309 1821 372 1856 tota
389 1816 499 1854 pendet
521 1827 559 1845 ex
582 1817 776 1854 etymologia,
791 1822 822 1846 et.

114 1864 147 1890 ut
168 1860 251 1890 istud
270 1859 450 1889 vocabulum
467 1863 550 1888 caret
571 1859 762 1894 auctoritate,
779 1859 822 1888 ita

113 1902 196 1942 apud
219 1903 350 1932 musicos
377 1902 538 1931 dissonans
562 1907 708 1931 consueto
732 1912 822 1931 voca-

114 1946 187 1975 bulo
209 1945 376 1985 ἀσύμφωνον
393 1945 572 1983 appellatur.
596 1944 676 1985 διηχὴ
700 1944 821 1984 quidem

114 1992 146 2018 et
168 1988 277 2030 διηχοῦν
299 1992 560 2023 commemoratur,
586 1988 640 2017 sed
665 1992 823 2027 utrumque

114 2031 245 2061 alienum
262 2031 298 2060 ab
316 2031 372 2060 hoc
388 2031 467 2060 loco.
502 2030 642 2069 Denique
657 2031 683 2060 si
700 2031 747 2060 vel
761 2041 822 2060 ma-

114 2074 198 2104 xime
213 2074 343 2115 διήχημα
356 2075 516 2113 probatum
533 2078 614 2103 esset
631 2074 822 2110 vocabulum,

114 2121 293 2155 notan-etque
303 2116 532 2152 dissonantiam,
543 2122 640 2146 tamen
650 2127 710 2146 non
722 2117 823 2153 video,

116 2170 170 2190 cur
185 2159 375 2199 potissimum
390 2160 441 2189 fiat
459 2160 570 2189 mentio
588 2158 698 2193 διέσεως
714 2160 743 2188 in
759 2160 822 2189 dis-

116 2202 273 2232 sonantiis.
312 2203 371 2231 His
386 2202 429 2232 ita
444 2202 622 2232 examinatis
640 2203 781 2232 veniebat
793 2203 822 2232 in

117 2250 247 2275 mentem
258 2255 274 2274 e
286 2244 380 2274 simili
391 2245 457 2274 loco
469 2246 607 2283 Dionysii
617 2246 666 2275 ed.
676 2246 822 2285 Sylburg.

117 2298 148 2326 p.
165 2291 214 2318 10.
233 2290 282 2318 14.
293 2292 322 2317 et
337 2288 473 2317 Platonis
489 2299 517 2326 p.
533 2291 606 2319 479.
616 2289 662 2317 ed.
677 2288 773 2318 Basil.
784 2289 821 2318 A.

119 2332 213 2363 1556.
234 2331 340 2369 legere
355 2329 380 2360 ἐν
394 2331 453 2364 τοῖς
468 2330 671 2370 διαστήμασιν,
688 2332 718 2360 ὶη
733 2333 823 2361 inter-

116 2375 209 2404 vallis.
254 2374 353 2411 Quam
376 2375 576 2412 conjecturam
599 2375 779 2404 auctoritate
795 2379 825 2404 et

114 2416 232 2456 judicio
246 2421 381 2447 veterum
394 2416 576 2446 musicorum
587 2417 720 2456 probari,
733 2417 824 2446 colla-

118 2460 158 2489 tis
173 2459 334 2490 Meibomii
350 2460 524 2489 auctoribus
539 2460 662 2489 musicae
678 2459 708 2488 in
721 2460 767 2489 his
779 2460 825 2489 lo-

119 2503 164 2532 cis
196 2503 395 2543 potissimum,
424 2502 576 2532 intellexi.
625 2502 824 2533 Aristoxenus

119 2545 198 2575 enim
215 2556 246 2584 p.
258 2548 309 2576 14.
322 2546 360 2574 de
375 2545 543 2575 intervallis
560 2546 623 2575 haec
641 2546 747 2575 habet:
764 2545 825 2576 οὔτε

119 2590 174 2629 γᾶς
197 2589 210 2618 ἦ
229 2590 300 2627 φωνὴ
320 2587 430 2622 διέσεως
452 2590 502 2623 τῖς
525 2585 685 2628 ἐλαχίστης
707 2588 827 2619 ἔλαττον

118 2630 161 2660 ἔτι
181 2631 333 2668 διάστημα.
351 2630 464 2661 δυναται
485 2631 641 2670 διασαφεῖν,
657 2630 745 2662 0:581'52
761 2632 826 2662 ἀκοὴ

118 2673 349 2709 διαισθάνεσθαι,
373 2674 448 2704 ὥστε
474 2676 522 2703 καῖ
548 2673 664 2704 συνιέναι
690 2673 720 2703 τί
745 2673 827 2715 μέρος

119 2715 197 2747 ἐστιν
213 2716 267 2746 εἴτε
284 2715 320 2746 διὲ
311 2727 392 2750 Εσεους
397 2715 471 2751 ,εἴτ’
483 2717 572 2746 ἄλλον
585 2716 654 2750 τινὸς
668 2720 721 2747 τῶν
736 2716 827 2756 γνωρί-

120 2770 182 2798 μων
197 2760 413 2798 διαστημάτων.
437 2759 498 2789 Hic
515 2761 598 2789 locus
614 2760 702 2799 plane
719 2761 827 2790 similis

121 2806 168 2831 est
184 2806 296 2832 nostro.
315 2803 443 2832 Accedit
459 2802 609 2832 Aristides
625 2803 829 2839 Quintilianus

123 2854 153 2882 p.
170 2846 222 2875 13.
236 2844 340 2874 τούτων
352 2844 379 2874 δὲ
391 2847 443 2873 τῶν
457 2844 682 2884 διαστημάτων
674 2846 817 2886 ,λάχω-τό
806 2858 830 2874 ν

122 2886 201 2916 ἔστιν
216 2887 251 2921 ὣς
265 2886 289 2916 ἐν
303 2886 429 2939 μελῳδία
445 2888 481 2919 δίε
471 2899 529 2921 ςσις
544 2887 704 2928 ἐναρμόνιος,
720 2888 777 2918 siff
795 2890 831 2922 ὡς

123 2927 281 2969 παχύτεςον
295 2930 399 2964 εἰπεῖν,
414 2930 446 2959 τὸ
458 2931 565 2964 ταύτης
581 2931 771 2968 διωλασιον,
763 2943 828 2970 ημι-

121 2971 211 3001 τόνων.
227 2972 266 3001 Et
276 2972 443 3003 Martianus
450 2974 574 3014 Capel¹a
581 2975 619 3005 de
627 2974 752 3013 Nuptiis
762 2963 830 3004 p'hi-

849 1258 902 1287 lol.
917 1258 978 1287 IX.
990 1269 1020 1297 p.
1031 1259 1104 1288 179.
1116 1258 1194 1296 apud
1207 1257 1334 1287 eundem
1347 1256 1562 1286 Meibomium:

850 1306 870 1319 “
893 1300 982 1336 Dico,
1008 1301 1116 1340 inquit,
1139 1300 1285 1340 quicquid
1309 1305 1392 1329 recte
1418 1300 1564 1333 sonuerit,

851 1348 902 1373 aut
914 1348 1018 1373 tonum
1034 1354 1113 1379 esse,
1126 1348 1178 1373 aut
1195 1344 1402 1377 hemitonium,
1414 1347 1464 1372 aut
1477 1353 1564 1381 quar-

851 1392 910 1417 tam
922 1394 1036 1425 partem
1050 1387 1126 1422 toni,
1138 1397 1204 1426 quae
1216 1386 1312 1416 diesis
1323 1384 1524 1425 appellatur.'‘
1533 1390 1564 1414 et

851 1441 881 1469 p.
900 1432 971 1461 180.
995 1433 1014 1447 “
1025 1430 1130 1460 Diesis
1148 1440 1219 1460 vero
1234 1429 1445 1468 interpretatio
1458 1433 1515 1462 est,
1531 1432 1564 1457 ut

852 1484 944 1512 supra
960 1473 1040 1509 dixi,
1063 1477 1168 1512 quarta
1183 1483 1254 1512 pars
1272 1471 1366 1502 toni.'’
1387 1476 1416 1501 et
1441 1471 1563 1501 Vitruv.

852 1519 882 1551 4,
899 1520 928 1547 5.
955 1521 975 1534 “
987 1516 1070 1545 Hinc
1084 1515 1275 1555 intelligitur,
1289 1526 1343 1545 cut·
1358 1514 1430 1544 alibi
1445 1512 1563 1554 ἁρμονία

853 1570 905 1589 seu
921 1557 1074 1599 συμφωνία
1088 1561 1101 1590 ἦ
1114 1560 1158 1588 διέι
1170 1560 1444 1597 ωασῶν(οοίτινειιῐι
1458 1559 1565 1587 dicunt

854 1603 966 1642 nostri)
991 1607 1120 1641 quatuor
1147 1607 1176 1631 et
1200 1601 1308 1641 viginti
1334 1601 1429 1630 diesis
1455 1601 1565 1630 habere

853 1644 1002 1674 dicatur.”
1050 1646 1099 1674 Ex
1117 1645 1162 1674 his
1179 1644 1347 1674 efficiturb.
1364 1644 1384 1673 l.
1401 1644 1564 1682 legendum

855 1698 922 1717 esse
940 1687 1143 1727 διαστήμασιν,
1163 1692 1195 1717 et
1209 1686 1291 1717 δίεσιν
1307 1688 1334 1716 h.
1352 1687 1373 1716 l.
1388 1696 1457 1715 esse
1477 1696 1565 1724 qnar-

856 1735 913 1759 tam
929 1741 982 1759 seu
999 1731 1151 1759 minimam
1170 1736 1283 1769 partem
1301 1729 1374 1759 toni.
1420 1729 1475 1757 Est
1492 1738 1565 1767 ergo

856 1784 961 1802 sensus
978 1774 1064 1811 liujus
1080 1773 1161 1802 loci:
1188 1772 1299 1801 Musici
1324 1772 1502 1810 profitentur
1519 1772 1564 1800 di-

855 1816 1041 1854 scipulorum
1069 1826 1187 1844 sensum
1212 1815 1253 1844 ita
1274 1825 1395 1849 acuere,
1417 1819 1449 1843 ut
1476 1814 1564 1842 etiam

856 1858 1008 1887 minimum
1040 1858 1231 1887 intervallum
1258 1857 1336 1897 (vel,
1365 1857 1400 1885 ad
1428 1858 1565 1891 verbum,

856 1906 991 1940 quartam
1016 1906 1132 1940 partem
1156 1900 1234 1939 toni)
1254 1901 1284 1929 in
1310 1899 1479 1929 intervallis
1505 1899 1566 1927 ani-

856 1945 1056 1973 madvertant.
1080 1944 1220 1974 Mum.
1245 1943 1296 1973 Nil
1310 1943 1450 1981 equidem
1467 1953 1565 1971 causae

858 1987 958 2022 video,
982 1997 1036 2016 eur
1053 1986 1203 2026 Dionysio
1220 1987 1317 2015 minus
1339 1985 1468 2019 licuerit,
1486 1986 1564 2024 quod

857 2030 907 2059 alii
931 2030 1083 2070 διάστημα
1106 2030 1272 2068 appellant,
1289 2029 1320 2059 id
1342 2028 1421 2058 idem
1438 2028 1568 2069 διήχημα

857 2073 1021 2112 appellare.
1046 2073 1156 2103 Nullus
1167 2073 1307 2112 equidem
1320 2071 1457 2100 dubitavi
1471 2082 1566 2108 ycum

857 2128 882 2157 χ
897 2121 1022 2151 mutare,
1038 2116 1207 2155 cuicunque
1221 2115 1359 2145 inventio
1375 2114 1460 2144 istaee
1476 2115 1568 2143 debe-

859 2160 951 2194 bitur,
975 2159 1042 2188 sive
1065 2158 1160 2194 casui,
1183 2159 1250 2188 sive
1270 2158 1409 2192 consilio,
1434 2158 1498 2187 sive
1517 2157 1569 2186 Vi-

859 2202 967 2236 ctorio,
985 2202 1049 2231 sive
1066 2207 1095 2240 t)
1101 2203 1267 2241 pographo.
1294 2203 1409 2231 stsxsx.

900 2243 969 2275 ι’Υοιν
984 2244 1078 2284 αυτῷ]
1096 2245 1202 2274 Dedin
1214 2243 1289 2284 παρ’
1301 2243 1391 2282 αὐτῷ,
1403 2244 1568 2273 secundum

860 2288 1032 2317 Helmstad.
1049 2292 1080 2317 et
1096 2288 1275 2317 Victorium.
1301 2288 1405 2316 IDEM.

900 2331 1256 2371 Χαρακτηςιστικωτέιτην]
1307 2330 1459 2359 Revocavi
1495 2330 1570 2358 hanc

860 2379 1045 2404 vetustarum
1062 2373 1228 2403 editionum
1248 2373 1420 2407 lectionem,
1439 2382 1493 2410 pro
1511 2382 1571 2410 qua

858 2417 969 2455 Taylor
992 2415 1096 2446 nescio
1119 2427 1173 2446 cur
1194 2415 1486 2457 χαξακτηξικωτάτην
1510 2416 1570 2444 suf-

860 2460 976 2489 fecerit.
1008 2470 1092 2489 error
1120 2460 1197 2489 enim
1226 2459 1410 2499 typographi
1435 2458 1569 2497 profecto

860 2513 917 2532 non
934 2502 1003 2532 fuit.
1028 2503 1132 2533 IDEM.

903 2545 1017 2585 Ψήφων]
1042 2546 1158 2585 Opinor
1173 2544 1271 2583 ψῆφον.
1306 2546 1381 2582 Qnae
1395 2544 1486 2584 paulo
1502 2549 1571 2583 post

861 2593 1026 2627 sequuntur
1039 2589 1167 2627 pessime
1175 2587 1319 2617 distincta
1333 2593 1411 2617 sunt.
1428 2588 1470 2616 ita
1483 2597 1570 2624 opor-

861 2631 919 2660 tuit
931 2642 937 2660 ε
949 2649 992 2654 ——-
1002 2629 1113 2671 μήποτ’
1126 2631 1154 2660 οὐ
1171 2629 1271 2660 Λυσίου
1287 2627 1304 2671 ᾖ
1316 2629 1404 2668 λόγος·
1420 2630 1465 2659 καὶ
1479 2628 1570 2659 οὐκέτι

862 2674 1000 2713 βιάζομαι
1022 2677 1070 2705 τὴν
1084 2674 1183 2711 αλογῡν
1198 2673 1344 2708 αἴσθησιν,
1362 2685 1390 2702 ου
1406 2672 1427 2702 δ’
1446 2672 1476 2701 ἂν
1491 2683 1571 2701 wart)

862 2717 940 2750 δεινὸς
955 2717 1020 2747 εῖναι
1037 2718 1076 2746 τίι
1090 2716 1118 2755 γ’
1131 2721 1172 2746 οὐν
1181 2717 1261 2746 ἄλλα
1274 2727 1323 2755 μοι
1339 2715 1402 2746 δοκη
1412 2715 1459 2743 καὶ
1476 2725 1510 2744 π;
1501 2726 1570 2753 ,ριτ-

862 2763 918 2794 τῶς
934 2759 1145 2800 ἐξειξγασμὲνος
1162 2760 1173 2788 ὁ
1194 2759 1284 2797 λόγος·
1305 2757 1336 2787 τὸ
1350 2758 1428 2797 μέν.
1420 2768 1446 2786 εν
1462 2758 1574 2797 γράφειν

863 2805 985 2836 πολλοῖς
1010 2802 1128 2843 οἰόμενος
1150 2803 1304 2842 ὑπάρχειν,
1326 2813 1404 2829 κατα
1428 2811 1503 2833 τινας
1524 2801 1572 2829 και

862 2846 965 2879 ἄλλους
978 2844 1023 2874 ἶδίο
1013 2857 1054 2879 υς
1068 2844 1147 2883 ἕξεως
1159 2856 1304 2886 χαζεωιτνς
1310 2855 1341 2876 ας
1354 2848 1404 2881 (vm
1407 2848 1453 2872 λυΞ
1457 2841 1510 2876 ιδὲς
1520 2845 1573 2883 γὰρ

863 2890 973 2928 τοῦτο),
983 2888 1015 2917 τὸ
1029 2887 1054 2917 δ’
1067 2889 1108 2918 ἣδε
1113 2900 1148 2921 ως
1163 2889 1208 2916 καὶ
1221 2899 1250 2915 κ
1241 2896 1379 2927 εχαρισαε
1383 2897 1487 2918 ναςκαι
1502 2896 1572 2914 επα-

864 2931 1006 2970 φςοδίτως,
1019 2930 1120 2960 Λυσία.
1147 2932 1239 2959 {lecte
1256 2939 1326 2957 xero
1343 2929 1421 2957 navt-2
1434 2940 1462 2956 τ.
1464 2939 1510 2962 νας
1525 2939 1571 2957 και

864 2974 977 3008 ἄλλους·
1002 2980 1034 3003 ut
1060 2975 1107 3003 Dc
1135 2972 1229 3001 δεινᾶτ.
1264 2972 1421 3001 Demus-111.
1445 2981 1474 3009 p.
1500 2973 1571 3001 197.
