<?xml version="1.0" encoding="UTF-8"?>
<!DOCTYPE html PUBLIC "-//W3C//DTD XHTML 1.0 Transitional//EN"
    "http://www.w3.org/TR/xhtml1/DTD/xhtml1-transitional.dtd">
<html xmlns="http://www.w3.org/1999/xhtml" xml:lang="en" lang="en">
 <head>
  <title>
</title>
<meta http-equiv="Content-Type" content="text/html;charset=utf-8" />
  <meta name='ocr-system' content='tesseract 3.04.00' />
  <meta name='ocr-capabilities' content='ocr_page ocr_carea ocr_par ocr_line ocrx_word'/>
</head>
<body>
  <div class='ocr_page' id='page_1' title='image "./oratoresatticie02dobs/oratoresatticie02dobs_0074.png"; bbox 0 0 1839 3229; ppageno 0'>
   <div class='ocr_carea' id='block_1_1' title="bbox 436 533 1482 712">
    <p class='ocr_par' dir='ltr' id='par_1_1' title="bbox 436 533 1482 712">
     <span class='ocr_line' id='line_1_1' title="bbox 689 533 1235 589; baseline -0.002 0"><span class='ocrx_word' id='word_1_1' title='bbox 689 533 976 589; x_wconf 82' lang='lat' dir='ltr'>LYSIAE</span> <span class='ocrx_word' id='word_1_2' title='bbox 1023 535 1235 589; x_wconf 89' lang='lat' dir='ltr'><strong>VITA</strong></span> 
     </span>
     <span class='ocr_line' id='line_1_2' title="bbox 436 668 1482 712; baseline -0.001 0"><span class='ocrx_word' id='word_1_3' title='bbox 436 671 474 712; x_wconf 90' lang='lat' dir='ltr'><strong>A</strong></span> <span class='ocrx_word' id='word_1_4' title='bbox 509 670 743 712; x_wconf 87' lang='lat' dir='ltr'><strong>IOANNE</strong></span> <span class='ocrx_word' id='word_1_5' title='bbox 773 670 1053 712; x_wconf 78' lang='lat' dir='ltr'><strong>TAYLORo</strong></span> <span class='ocrx_word' id='word_1_6' title='bbox 1086 668 1482 712; x_wconf 78' lang='lat' dir='ltr'><strong>coNscRIPTA.</strong></span> 
     </span>
    </p>
   </div>
   <div class='ocr_carea' id='block_1_2' title="bbox 901 791 1025 798">
    <p class='ocr_par' dir='ltr' id='par_1_2' title="bbox 901 791 1025 798">
     <span class='ocr_line' id='line_1_3' title="bbox 901 791 1025 798; baseline -0.008 0"><span class='ocrx_word' id='word_1_7' title='bbox 901 791 1025 798; x_wconf 71' lang='lat'><strong>———</strong></span> 
     </span>
    </p>
   </div>
   <div class='ocr_carea' id='block_1_3' title="bbox 237 870 1693 1664">
    <p class='ocr_par' dir='ltr' id='par_1_3' title="bbox 237 870 1693 1664">
     <span class='ocr_line' id='line_1_4' title="bbox 240 870 1685 925; baseline -0.001 -14"><span class='ocrx_word' id='word_1_8' title='bbox 240 874 399 912; x_wconf 82' lang='lat' dir='ltr'><strong>NATUS</strong></span> <span class='ocrx_word' id='word_1_9' title='bbox 419 879 476 913; x_wconf 88' lang='lat' dir='ltr'><strong>est</strong></span> <span class='ocrx_word' id='word_1_10' title='bbox 498 875 635 925; x_wconf 79' lang='lat' dir='ltr'>Lysias</span> <span class='ocrx_word' id='word_1_11' title='bbox 653 887 700 911; x_wconf 92' lang='lat' dir='ltr'><strong>eo</strong></span> <span class='ocrx_word' id='word_1_12' title='bbox 726 878 915 924; x_wconf 82' lang='lat' dir='ltr'><strong>ternpore,</strong></span> <span class='ocrx_word' id='word_1_13' title='bbox 938 886 1016 924; x_wconf 94' lang='lat' dir='ltr'><strong>quo</strong></span> <span class='ocrx_word' id='word_1_14' title='bbox 1044 885 1103 910; x_wconf 90' lang='lat' dir='ltr'><strong>res</strong></span> <span class='ocrx_word' id='word_1_15' title='bbox 1133 872 1427 911; x_wconf 81' lang='lat' dir='ltr'><strong>Atheniensium</strong></span> <span class='ocrx_word' id='word_1_16' title='bbox 1447 871 1553 910; x_wconf 90' lang='lat' dir='ltr'><strong>domi</strong></span> <span class='ocrx_word' id='word_1_17' title='bbox 1572 870 1685 910; x_wconf 86' lang='lat' dir='ltr'><strong>foris-</strong></span> 
     </span>
     <span class='ocr_line' id='line_1_5' title="bbox 240 934 1686 986; baseline -0.002 -12"><span class='ocrx_word' id='word_1_18' title='bbox 240 948 331 986; x_wconf 88' lang='lat' dir='ltr'>que,</span> <span class='ocrx_word' id='word_1_19' title='bbox 362 935 441 973; x_wconf 89' lang='lat' dir='ltr'><strong>sive</strong></span> <span class='ocrx_word' id='word_1_20' title='bbox 469 949 593 974; x_wconf 90' lang='lat' dir='ltr'><strong>rerum</strong></span> <span class='ocrx_word' id='word_1_21' title='bbox 615 941 809 986; x_wconf 85' lang='lat' dir='ltr'><strong>gestarum</strong></span> <span class='ocrx_word' id='word_1_22' title='bbox 839 934 1012 986; x_wconf 88' lang='lat' dir='ltr'><strong>gloriam,</strong></span> <span class='ocrx_word' id='word_1_23' title='bbox 1044 935 1122 972; x_wconf 90' lang='lat' dir='ltr'><strong>sive</strong></span> <span class='ocrx_word' id='word_1_24' title='bbox 1145 934 1254 985; x_wconf 81' lang='lat' dir='ltr'>pacis</span> <span class='ocrx_word' id='word_1_25' title='bbox 1282 941 1506 972; x_wconf 87' lang='lat' dir='ltr'><strong>ornamenta</strong></span> <span class='ocrx_word' id='word_1_26' title='bbox 1535 939 1686 985; x_wconf 87' lang='lat' dir='ltr'><strong>specte-</strong></span> 
     </span>
     <span class='ocr_line' id='line_1_6' title="bbox 240 995 1687 1047; baseline -0.001 -12"><span class='ocrx_word' id='word_1_27' title='bbox 240 1010 338 1043; x_wconf 89' lang='lat' dir='ltr'>mus,</span> <span class='ocrx_word' id='word_1_28' title='bbox 363 997 412 1035; x_wconf 90' lang='lat' dir='ltr'><strong>ad</strong></span> <span class='ocrx_word' id='word_1_29' title='bbox 434 1009 620 1035; x_wconf 89' lang='lat' dir='ltr'><strong>summam</strong></span> <span class='ocrx_word' id='word_1_30' title='bbox 645 997 754 1047; x_wconf 83' lang='lat' dir='ltr'>quasi</span> <span class='ocrx_word' id='word_1_31' title='bbox 783 996 1041 1034; x_wconf 74' lang='lat' dir='ltr'>maturitatem</span> <span class='ocrx_word' id='word_1_32' title='bbox 1073 1003 1183 1034; x_wconf 88' lang='lat' dir='ltr'><strong>erant</strong></span> <span class='ocrx_word' id='word_1_33' title='bbox 1213 995 1452 1046; x_wconf 74' lang='lat' dir='ltr'><strong>perductae.*</strong></span> <span class='ocrx_word' id='word_1_34' title='bbox 1507 995 1687 1033; x_wconf 83' lang='lat' dir='ltr'><strong>Barbaris</strong></span> 
     </span>
     <span class='ocr_line' id='line_1_7' title="bbox 237 1056 1689 1110; baseline -0.002 -14"><span class='ocrx_word' id='word_1_35' title='bbox 237 1060 343 1097; x_wconf 88' lang='lat' dir='ltr'><strong>enim</strong></span> <span class='ocrx_word' id='word_1_36' title='bbox 362 1072 486 1110; x_wconf 86' lang='lat' dir='ltr'><strong>nuper</strong></span> <span class='ocrx_word' id='word_1_37' title='bbox 500 1065 602 1096; x_wconf 88' lang='lat' dir='ltr'><strong>terra</strong></span> <span class='ocrx_word' id='word_1_38' title='bbox 622 1059 796 1109; x_wconf 84' lang='lat' dir='ltr'><strong>marique</strong></span> <span class='ocrx_word' id='word_1_39' title='bbox 817 1056 1043 1108; x_wconf 83' lang='lat' dir='ltr'><strong>profligatis,</strong></span> <span class='ocrx_word' id='word_1_40' title='bbox 1060 1064 1099 1096; x_wconf 92' lang='lat' dir='ltr'><strong>et</strong></span> <span class='ocrx_word' id='word_1_41' title='bbox 1115 1058 1303 1095; x_wconf 82' lang='lat' dir='ltr'><strong>universae</strong></span> <span class='ocrx_word' id='word_1_42' title='bbox 1325 1057 1492 1095; x_wconf 85' lang='lat' dir='ltr'><strong>Graeciae</strong></span> <span class='ocrx_word' id='word_1_43' title='bbox 1511 1057 1689 1094; x_wconf 89' lang='lat' dir='ltr'><strong>libertate</strong></span> 
     </span>
     <span class='ocr_line' id='line_1_8' title="bbox 239 1117 1691 1170; baseline -0.001 -13"><span class='ocrx_word' id='word_1_44' title='bbox 239 1120 407 1158; x_wconf 82' lang='lat' dir='ltr'>feliciter</span> <span class='ocrx_word' id='word_1_45' title='bbox 421 1120 630 1165; x_wconf 87' lang='lat' dir='ltr'><strong>vindicata,</strong></span> <span class='ocrx_word' id='word_1_46' title='bbox 651 1126 693 1157; x_wconf 86' lang='lat' dir='ltr'><strong>ut</strong></span> <span class='ocrx_word' id='word_1_47' title='bbox 713 1133 825 1157; x_wconf 89' lang='lat' dir='ltr'><strong>nemo</strong></span> <span class='ocrx_word' id='word_1_48' title='bbox 839 1118 922 1168; x_wconf 88' lang='lat' dir='ltr'><strong>jam</strong></span> <span class='ocrx_word' id='word_1_49' title='bbox 945 1119 1066 1158; x_wconf 87' lang='lat' dir='ltr'><strong>hostis</strong></span> <span class='ocrx_word' id='word_1_50' title='bbox 1088 1125 1317 1170; x_wconf 82' lang='lat' dir='ltr'><strong>superesset,</strong></span> <span class='ocrx_word' id='word_1_51' title='bbox 1337 1118 1409 1156; x_wconf 87' lang='lat' dir='ltr'><strong>nisi</strong></span> <span class='ocrx_word' id='word_1_52' title='bbox 1429 1118 1535 1156; x_wconf 88' lang='lat' dir='ltr'><strong>domi</strong></span> <span class='ocrx_word' id='word_1_53' title='bbox 1555 1117 1691 1156; x_wconf 82' lang='lat' dir='ltr'><strong>fuisset</strong></span> 
     </span>
     <span class='ocr_line' id='line_1_9' title="bbox 242 1178 1691 1233; baseline -0.003 -13"><span class='ocrx_word' id='word_1_54' title='bbox 242 1181 488 1232; x_wconf 80' lang='lat' dir='ltr'><strong>quaerenduS,</strong></span> <span class='ocrx_word' id='word_1_55' title='bbox 505 1181 671 1233; x_wconf 89' lang='lat' dir='ltr'><strong>populus</strong></span> <span class='ocrx_word' id='word_1_56' title='bbox 694 1181 957 1231; x_wconf 74' lang='lat' dir='ltr'><strong>Atheniensis,</strong></span> <span class='ocrx_word' id='word_1_57' title='bbox 975 1181 1124 1218; x_wconf 83' lang='lat' dir='ltr'><strong>bellicae</strong></span> <span class='ocrx_word' id='word_1_58' title='bbox 1146 1180 1256 1230; x_wconf 82' lang='lat' dir='ltr'><strong>quasi</strong></span> <span class='ocrx_word' id='word_1_59' title='bbox 1277 1179 1402 1218; x_wconf 87' lang='lat' dir='ltr'><strong>laudis</strong></span> <span class='ocrx_word' id='word_1_60' title='bbox 1422 1185 1527 1218; x_wconf 89' lang='lat' dir='ltr'><strong>satur</strong></span> <span class='ocrx_word' id='word_1_61' title='bbox 1551 1185 1590 1217; x_wconf 88' lang='lat' dir='ltr'><strong>et</strong></span> <span class='ocrx_word' id='word_1_62' title='bbox 1607 1178 1691 1228; x_wconf 88' lang='lat' dir='ltr'><strong>glo-</strong></span> 
     </span>
     <span class='ocr_line' id='line_1_10' title="bbox 240 1239 1691 1294; baseline -0.001 -13"><span class='ocrx_word' id='word_1_63' title='bbox 240 1244 308 1281; x_wconf 84' lang='lat' dir='ltr'><strong>riae</strong></span> <span class='ocrx_word' id='word_1_64' title='bbox 337 1243 451 1281; x_wconf 87' lang='lat' dir='ltr'><strong>armis</strong></span> <span class='ocrx_word' id='word_1_65' title='bbox 481 1250 617 1294; x_wconf 70' lang='lat' dir='ltr'><strong>partae,</strong></span> <span class='ocrx_word' id='word_1_66' title='bbox 639 1242 957 1294; x_wconf 83' lang='lat' dir='ltr'><strong>praestantissima</strong></span> <span class='ocrx_word' id='word_1_67' title='bbox 985 1243 1107 1280; x_wconf 89' lang='lat' dir='ltr'><strong>omnis</strong></span> <span class='ocrx_word' id='word_1_68' title='bbox 1137 1241 1330 1280; x_wconf 81' lang='lat' dir='ltr'><strong>memoriae</strong></span> <span class='ocrx_word' id='word_1_69' title='bbox 1360 1241 1513 1291; x_wconf 86' lang='lat' dir='ltr'><strong>ingenia</strong></span> <span class='ocrx_word' id='word_1_70' title='bbox 1541 1242 1580 1279; x_wconf 91' lang='lat' dir='ltr'><strong>in</strong></span> <span class='ocrx_word' id='word_1_71' title='bbox 1608 1239 1691 1279; x_wconf 83' lang='lat' dir='ltr'><strong>acie</strong></span> 
     </span>
     <span class='ocr_line' id='line_1_11' title="bbox 240 1302 1690 1356; baseline -0.003 -13"><span class='ocrx_word' id='word_1_72' title='bbox 240 1305 314 1343; x_wconf 81' lang='lat' dir='ltr'><strong>fori</strong></span> <span class='ocrx_word' id='word_1_73' title='bbox 334 1311 450 1356; x_wconf 89' lang='lat' dir='ltr'><strong>atque</strong></span> <span class='ocrx_word' id='word_1_74' title='bbox 471 1306 508 1342; x_wconf 91' lang='lat' dir='ltr'><strong>in</strong></span> <span class='ocrx_word' id='word_1_75' title='bbox 528 1305 662 1342; x_wconf 89' lang='lat' dir='ltr'><strong>umbra</strong></span> <span class='ocrx_word' id='word_1_76' title='bbox 684 1303 906 1342; x_wconf 74' lang='lat' dir='ltr'><strong>Academiae</strong></span> <span class='ocrx_word' id='word_1_77' title='bbox 927 1304 1103 1342; x_wconf 80' lang='lat' dir='ltr'><strong>excolere</strong></span> <span class='ocrx_word' id='word_1_78' title='bbox 1123 1303 1256 1354; x_wconf 87' lang='lat' dir='ltr'><strong>coepit.</strong></span> <span class='ocrx_word' id='word_1_79' title='bbox 1312 1302 1409 1340; x_wconf 83' lang='lat' dir='ltr'><strong>Turn</strong></span> <span class='ocrx_word' id='word_1_80' title='bbox 1438 1302 1511 1340; x_wconf 86' lang='lat' dir='ltr'><strong>fuit</strong></span> <span class='ocrx_word' id='word_1_81' title='bbox 1533 1302 1690 1354; x_wconf 83' lang='lat' dir='ltr'><strong>Thucy-</strong></span> 
     </span>
     <span class='ocr_line' id='line_1_12' title="bbox 239 1364 1692 1415; baseline -0.003 -11"><span class='ocrx_word' id='word_1_82' title='bbox 239 1366 350 1404; x_wconf 89' lang='lat' dir='ltr'><strong>dides</strong></span> <span class='ocrx_word' id='word_1_83' title='bbox 366 1372 404 1404; x_wconf 91' lang='lat' dir='ltr'><strong>et</strong></span> <span class='ocrx_word' id='word_1_84' title='bbox 426 1366 632 1415; x_wconf 85' lang='lat' dir='ltr'><strong>Xenopho,</strong></span> <span class='ocrx_word' id='word_1_85' title='bbox 647 1378 668 1402; x_wconf 91' lang='lat' dir='ltr'><strong>a</strong></span> <span class='ocrx_word' id='word_1_86' title='bbox 683 1364 824 1415; x_wconf 88' lang='lat' dir='ltr'><strong>quibus</strong></span> <span class='ocrx_word' id='word_1_87' title='bbox 843 1370 932 1414; x_wconf 89' lang='lat' dir='ltr'><strong>post</strong></span> <span class='ocrx_word' id='word_1_88' title='bbox 951 1364 1193 1402; x_wconf 87' lang='lat' dir='ltr'><strong>Herodotum</strong></span> <span class='ocrx_word' id='word_1_89' title='bbox 1214 1364 1388 1401; x_wconf 73' lang='lat' dir='ltr'><strong>Historia</strong></span> <span class='ocrx_word' id='word_1_90' title='bbox 1408 1369 1601 1401; x_wconf 87' lang='lat' dir='ltr'><strong>commota</strong></span> <span class='ocrx_word' id='word_1_91' title='bbox 1618 1368 1692 1406; x_wconf 88' lang='lat' dir='ltr'><strong>est,</strong></span> 
     </span>
     <span class='ocr_line' id='line_1_13' title="bbox 243 1426 1692 1478; baseline -0.002 -12"><span class='ocrx_word' id='word_1_92' title='bbox 243 1434 284 1466; x_wconf 87' lang='lat' dir='ltr'><strong>ut</strong></span> <span class='ocrx_word' id='word_1_93' title='bbox 303 1428 462 1466; x_wconf 84' lang='lat' dir='ltr'><strong>auderet</strong></span> <span class='ocrx_word' id='word_1_94' title='bbox 481 1428 649 1472; x_wconf 88' lang='lat' dir='ltr'><strong>uberius,</strong></span> <span class='ocrx_word' id='word_1_95' title='bbox 679 1440 794 1478; x_wconf 85' lang='lat' dir='ltr'><strong>quam</strong></span> <span class='ocrx_word' id='word_1_96' title='bbox 818 1427 1050 1477; x_wconf 85' lang='lat' dir='ltr'><strong>superiores,</strong></span> <span class='ocrx_word' id='word_1_97' title='bbox 1079 1435 1119 1465; x_wconf 89' lang='lat' dir='ltr'><strong>et</strong></span> <span class='ocrx_word' id='word_1_98' title='bbox 1147 1427 1317 1465; x_wconf 80' lang='lat' dir='ltr'><strong>ornatius</strong></span> <span class='ocrx_word' id='word_1_99' title='bbox 1347 1426 1498 1465; x_wconf 85' lang='lat' dir='ltr'><strong>dicere:</strong></span> <span class='ocrx_word' id='word_1_100' title='bbox 1529 1427 1692 1464; x_wconf 86' lang='lat' dir='ltr'><strong>Scenam</strong></span> 
     </span>
     <span class='ocr_line' id='line_1_14' title="bbox 244 1488 1693 1542; baseline -0.003 -13"><span class='ocrx_word' id='word_1_101' title='bbox 244 1492 485 1531; x_wconf 83' lang='lat' dir='ltr'><strong>illustrarunt</strong></span> <span class='ocrx_word' id='word_1_102' title='bbox 515 1491 732 1542; x_wconf 87' lang='lat' dir='ltr'><strong>Sophocles</strong></span> <span class='ocrx_word' id='word_1_103' title='bbox 752 1497 791 1528; x_wconf 91' lang='lat' dir='ltr'><strong>et</strong></span> <span class='ocrx_word' id='word_1_104' title='bbox 811 1489 1031 1541; x_wconf 87' lang='lat' dir='ltr'><strong>Euripides,</strong></span> <span class='ocrx_word' id='word_1_105' title='bbox 1059 1497 1099 1528; x_wconf 91' lang='lat' dir='ltr'><strong>et</strong></span> <span class='ocrx_word' id='word_1_106' title='bbox 1132 1492 1172 1527; x_wconf 89' lang='lat' dir='ltr'><strong>in</strong></span> <span class='ocrx_word' id='word_1_107' title='bbox 1202 1489 1355 1527; x_wconf 86' lang='lat' dir='ltr'><strong>diverso</strong></span> <span class='ocrx_word' id='word_1_108' title='bbox 1384 1501 1524 1538; x_wconf 85' lang='lat' dir='ltr'><strong>genere</strong></span> <span class='ocrx_word' id='word_1_109' title='bbox 1544 1488 1693 1526; x_wconf 87' lang='lat' dir='ltr'><strong>Aristo-</strong></span> 
     </span>
     <span class='ocr_line' id='line_1_15' title="bbox 241 1549 1692 1605; baseline -0.005 -12"><span class='ocrx_word' id='word_1_110' title='bbox 241 1554 388 1605; x_wconf 84' lang='lat' dir='ltr'><strong>phanes</strong></span> <span class='ocrx_word' id='word_1_111' title='bbox 407 1561 447 1593; x_wconf 89' lang='lat' dir='ltr'><strong>et</strong></span> <span class='ocrx_word' id='word_1_112' title='bbox 466 1553 695 1599; x_wconf 88' lang='lat' dir='ltr'><strong>Menander,</strong></span> <span class='ocrx_word' id='word_1_113' title='bbox 729 1553 797 1601; x_wconf 88' lang='lat' dir='ltr'><strong>qui</strong></span> <span class='ocrx_word' id='word_1_114' title='bbox 829 1550 966 1589; x_wconf 87' lang='lat' dir='ltr'><strong>ceteris</strong></span> <span class='ocrx_word' id='word_1_115' title='bbox 997 1565 1093 1602; x_wconf 91' lang='lat' dir='ltr'><strong>pene</strong></span> <span class='ocrx_word' id='word_1_116' title='bbox 1122 1550 1300 1588; x_wconf 89' lang='lat' dir='ltr'><strong>omnibus</strong></span> <span class='ocrx_word' id='word_1_117' title='bbox 1319 1549 1494 1600; x_wconf 80' lang='lat' dir='ltr'><strong>ejusdem</strong></span> <span class='ocrx_word' id='word_1_118' title='bbox 1514 1549 1606 1587; x_wconf 91' lang='lat' dir='ltr'><strong>artis</strong></span> <span class='ocrx_word' id='word_1_119' title='bbox 1625 1562 1692 1586; x_wconf 89' lang='lat' dir='ltr'><strong>au-</strong></span> 
     </span>
     <span class='ocr_line' id='line_1_16' title="bbox 241 1611 1693 1664; baseline -0.004 -10"><span class='ocrx_word' id='word_1_120' title='bbox 241 1616 413 1654; x_wconf 84' lang='lat' dir='ltr'><strong>ctoribus</strong></span> <span class='ocrx_word' id='word_1_121' title='bbox 434 1628 572 1653; x_wconf 90' lang='lat' dir='ltr'><strong>nomen</strong></span> <span class='ocrx_word' id='word_1_122' title='bbox 603 1614 822 1653; x_wconf 85' lang='lat' dir='ltr'><strong>abstulere:</strong></span> <span class='ocrx_word' id='word_1_123' title='bbox 854 1613 952 1651; x_wconf 88' lang='lat' dir='ltr'><strong>Tum</strong></span> <span class='ocrx_word' id='word_1_124' title='bbox 981 1613 1145 1664; x_wconf 88' lang='lat' dir='ltr'><strong>primum</strong></span> <span class='ocrx_word' id='word_1_125' title='bbox 1174 1611 1436 1661; x_wconf 84' lang='lat' dir='ltr'><strong>Philosophia,</strong></span> <span class='ocrx_word' id='word_1_126' title='bbox 1468 1611 1506 1648; x_wconf 89' lang='lat' dir='ltr'><strong>in</strong></span> <span class='ocrx_word' id='word_1_127' title='bbox 1536 1623 1614 1661; x_wconf 91' lang='lat' dir='ltr'><strong>qua</strong></span> <span class='ocrx_word' id='word_1_128' title='bbox 1643 1611 1693 1649; x_wconf 91' lang='lat' dir='ltr'><strong>de</strong></span> 
     </span>
    </p>
   </div>
   <div class='ocr_carea' id='block_1_4' title="bbox 243 1671 1750 1723">
    <p class='ocr_par' dir='ltr' id='par_1_4' title="bbox 243 1671 1750 1723">
     <span class='ocr_line' id='line_1_17' title="bbox 243 1671 1750 1723; baseline -0.005 -7"><span class='ocrx_word' id='word_1_129' title='bbox 243 1679 359 1716; x_wconf 90' lang='lat' dir='ltr'><strong>rebus</strong></span> <span class='ocrx_word' id='word_1_130' title='bbox 382 1677 492 1715; x_wconf 89' lang='lat' dir='ltr'><strong>bonis</strong></span> <span class='ocrx_word' id='word_1_131' title='bbox 511 1682 549 1714; x_wconf 87' lang='lat' dir='ltr'><strong>et</strong></span> <span class='ocrx_word' id='word_1_132' title='bbox 569 1676 698 1720; x_wconf 60' lang='lat' dir='ltr'><strong>malis„</strong></span> <span class='ocrx_word' id='word_1_133' title='bbox 711 1676 836 1723; x_wconf 86' lang='lat' dir='ltr'><strong>deque</strong></span> <span class='ocrx_word' id='word_1_134' title='bbox 859 1674 1056 1713; x_wconf 89' lang='lat' dir='ltr'><strong>hominum</strong></span> <span class='ocrx_word' id='word_1_135' title='bbox 1076 1675 1167 1719; x_wconf 86' lang='lat' dir='ltr'><strong>vita,</strong></span> <span class='ocrx_word' id='word_1_136' title='bbox 1187 1673 1359 1711; x_wconf 86' lang='lat' dir='ltr'><strong>moribus</strong></span> <span class='ocrx_word' id='word_1_137' title='bbox 1388 1678 1428 1710; x_wconf 92' lang='lat' dir='ltr'><strong>et</strong></span> <span class='ocrx_word' id='word_1_138' title='bbox 1457 1671 1594 1710; x_wconf 84' lang='lat' dir='ltr'><strong>officiis</strong></span> <span class='ocrx_word' id='word_1_139' title='bbox 1613 1671 1694 1710; x_wconf 89' lang='lat' dir='ltr'><strong>dis·</strong></span> <span class='ocrx_word' id='word_1_140' title='bbox 1745 1717 1750 1722; x_wconf 92' lang='lat'><strong>.</strong></span> 
     </span>
    </p>
   </div>
   <div class='ocr_carea' id='block_1_5' title="bbox 242 1733 1694 2030">
    <p class='ocr_par' dir='ltr' id='par_1_5' title="bbox 242 1733 1694 2030">
     <span class='ocr_line' id='line_1_18' title="bbox 243 1733 1694 1791; baseline -0.005 -13"><span class='ocrx_word' id='word_1_141' title='bbox 243 1746 416 1791; x_wconf 87' lang='lat' dir='ltr'><strong>putatur,</strong></span> <span class='ocrx_word' id='word_1_142' title='bbox 450 1738 606 1776; x_wconf 88' lang='lat' dir='ltr'><strong>inventa</strong></span> <span class='ocrx_word' id='word_1_143' title='bbox 635 1743 674 1775; x_wconf 91' lang='lat' dir='ltr'><strong>et</strong></span> <span class='ocrx_word' id='word_1_144' title='bbox 701 1737 854 1774; x_wconf 86' lang='lat' dir='ltr'><strong>exculta</strong></span> <span class='ocrx_word' id='word_1_145' title='bbox 882 1750 966 1774; x_wconf 89' lang='lat' dir='ltr'><strong>esse</strong></span> <span class='ocrx_word' id='word_1_146' title='bbox 995 1736 1160 1779; x_wconf 86' lang='lat' dir='ltr'><strong>dicitur;</strong></span> <span class='ocrx_word' id='word_1_147' title='bbox 1198 1747 1312 1784; x_wconf 89' lang='lat' dir='ltr'><strong>quam</strong></span> <span class='ocrx_word' id='word_1_148' title='bbox 1341 1733 1488 1773; x_wconf 88' lang='lat' dir='ltr'><strong>idcirco</strong></span> <span class='ocrx_word' id='word_1_149' title='bbox 1519 1734 1694 1772; x_wconf 83' lang='lat' dir='ltr'><strong>Socrates</strong></span> 
     </span>
     <span class='ocr_line' id='line_1_19' title="bbox 243 1795 1694 1846; baseline -0.004 -7"><span class='ocrx_word' id='word_1_150' title='bbox 243 1807 392 1846; x_wconf 84' lang='lat' dir='ltr'><strong>auctor,</strong></span> <span class='ocrx_word' id='word_1_151' title='bbox 414 1800 462 1837; x_wconf 82' lang='lat' dir='ltr'><strong>(le</strong></span> <span class='ocrx_word' id='word_1_152' title='bbox 479 1800 590 1846; x_wconf 83' lang='lat' dir='ltr'><strong>cae10,</strong></span> <span class='ocrx_word' id='word_1_153' title='bbox 611 1812 698 1837; x_wconf 92' lang='lat' dir='ltr'><strong>nam</strong></span> <span class='ocrx_word' id='word_1_154' title='bbox 719 1799 778 1836; x_wconf 86' lang='lat' dir='ltr'><strong>illa</strong></span> <span class='ocrx_word' id='word_1_155' title='bbox 801 1799 920 1836; x_wconf 85' lang='lat' dir='ltr'><strong>altera</strong></span> <span class='ocrx_word' id='word_1_156' title='bbox 936 1799 985 1836; x_wconf 90' lang='lat' dir='ltr'><strong>de</strong></span> <span class='ocrx_word' id='word_1_157' title='bbox 1001 1797 1154 1835; x_wconf 88' lang='lat' dir='ltr'><strong>Natura</strong></span> <span class='ocrx_word' id='word_1_158' title='bbox 1172 1796 1247 1834; x_wconf 85' lang='lat' dir='ltr'><strong>fuit</strong></span> <span class='ocrx_word' id='word_1_159' title='bbox 1266 1795 1472 1844; x_wconf 87' lang='lat' dir='ltr'><strong>antiquior,</strong></span> <span class='ocrx_word' id='word_1_160' title='bbox 1484 1795 1694 1834; x_wconf 90' lang='lat' dir='ltr'><strong>devocasse</strong></span> 
     </span>
     <span class='ocr_line' id='line_1_20' title="bbox 244 1856 1693 1909; baseline -0.005 -9"><span class='ocrx_word' id='word_1_161' title='bbox 244 1862 378 1900; x_wconf 89' lang='lat' dir='ltr'><strong>fertur.</strong></span> <span class='ocrx_word' id='word_1_162' title='bbox 435 1861 478 1898; x_wconf 96' lang='lat' dir='ltr'><strong>In</strong></span> <span class='ocrx_word' id='word_1_163' title='bbox 501 1860 573 1898; x_wconf 85' lang='lat' dir='ltr'><strong>hac</strong></span> <span class='ocrx_word' id='word_1_164' title='bbox 592 1859 761 1909; x_wconf 90' lang='lat' dir='ltr'><strong>denique</strong></span> <span class='ocrx_word' id='word_1_165' title='bbox 783 1860 878 1897; x_wconf 93' lang='lat' dir='ltr'><strong>urbe</strong></span> <span class='ocrx_word' id='word_1_166' title='bbox 900 1866 1017 1909; x_wconf 89' lang='lat' dir='ltr'><strong>atque</strong></span> <span class='ocrx_word' id='word_1_167' title='bbox 1039 1858 1095 1896; x_wconf 91' lang='lat' dir='ltr'><strong>his</strong></span> <span class='ocrx_word' id='word_1_168' title='bbox 1112 1857 1349 1907; x_wconf 87' lang='lat' dir='ltr'><strong>temporibus</strong></span> <span class='ocrx_word' id='word_1_169' title='bbox 1369 1856 1534 1906; x_wconf 89' lang='lat' dir='ltr'><strong>primum</strong></span> <span class='ocrx_word' id='word_1_170' title='bbox 1547 1870 1588 1894; x_wconf 92' lang='lat' dir='ltr'><strong>se</strong></span> <span class='ocrx_word' id='word_1_171' title='bbox 1602 1857 1693 1894; x_wconf 90' lang='lat' dir='ltr'><strong>Elo-</strong></span> 
     </span>
     <span class='ocr_line' id='line_1_21' title="bbox 243 1916 1692 1973; baseline -0.006 -11"><span class='ocrx_word' id='word_1_172' title='bbox 243 1922 403 1973; x_wconf 85' lang='lat' dir='ltr'><strong>quentia</strong></span> <span class='ocrx_word' id='word_1_173' title='bbox 418 1922 570 1967; x_wconf 83' lang='lat' dir='ltr'><strong>extulit,</strong></span> <span class='ocrx_word' id='word_1_174' title='bbox 585 1921 718 1959; x_wconf 89' lang='lat' dir='ltr'><strong>eadem</strong></span> <span class='ocrx_word' id='word_1_175' title='bbox 740 1933 839 1971; x_wconf 90' lang='lat' dir='ltr'><strong>pene</strong></span> <span class='ocrx_word' id='word_1_176' title='bbox 866 1924 1095 1970; x_wconf 85' lang='lat' dir='ltr'><strong>tempestate</strong></span> <span class='ocrx_word' id='word_1_177' title='bbox 1122 1925 1161 1956; x_wconf 88' lang='lat' dir='ltr'><strong>et</strong></span> <span class='ocrx_word' id='word_1_178' title='bbox 1189 1924 1278 1955; x_wconf 83' lang='lat' dir='ltr'><strong>nata</strong></span> <span class='ocrx_word' id='word_1_179' title='bbox 1305 1923 1344 1955; x_wconf 88' lang='lat' dir='ltr'><strong>et</strong></span> <span class='ocrx_word' id='word_1_180' title='bbox 1373 1916 1572 1967; x_wconf 83' lang='lat' dir='ltr'><strong>perfecta;</strong></span> <span class='ocrx_word' id='word_1_181' title='bbox 1605 1931 1692 1955; x_wconf 91' lang='lat' dir='ltr'><strong>cum</strong></span> 
     </span>
     <span class='ocr_line' id='line_1_22' title="bbox 242 1979 1693 2030; baseline -0.003 -7"><span class='ocrx_word' id='word_1_182' title='bbox 242 1987 376 2025; x_wconf 88' lang='lat' dir='ltr'><strong>decem</strong></span> <span class='ocrx_word' id='word_1_183' title='bbox 393 1985 503 2023; x_wconf 90' lang='lat' dir='ltr'><strong>simul</strong></span> <span class='ocrx_word' id='word_1_184' title='bbox 523 1985 707 2023; x_wconf 88' lang='lat' dir='ltr'><strong>Oratores</strong></span> <span class='ocrx_word' id='word_1_185' title='bbox 724 1982 886 2021; x_wconf 86' lang='lat' dir='ltr'><strong>Athenis</strong></span> <span class='ocrx_word' id='word_1_186' title='bbox 898 1987 992 2020; x_wconf 83' lang='lat' dir='ltr'><strong>aetas</strong></span> <span class='ocrx_word' id='word_1_187' title='bbox 1009 1993 1086 2020; x_wconf 88' lang='lat' dir='ltr'><strong>una</strong></span> <span class='ocrx_word' id='word_1_188' title='bbox 1105 1980 1277 2025; x_wconf 83' lang='lat' dir='ltr'><strong>tulerit‚·l·</strong></span> <span class='ocrx_word' id='word_1_189' title='bbox 1296 1992 1458 2030; x_wconf 89' lang='lat' dir='ltr'><strong>quorum</strong></span> <span class='ocrx_word' id='word_1_190' title='bbox 1478 1985 1521 2018; x_wconf 91' lang='lat' dir='ltr'><strong>ut</strong></span> <span class='ocrx_word' id='word_1_191' title='bbox 1540 1979 1693 2018; x_wconf 89' lang='lat' dir='ltr'><strong>diversa</strong></span> 
     </span>
    </p>
   </div>
   <div class='ocr_carea' id='block_1_6' title="bbox 986 2092 1693 2125">
    <p class='ocr_par' dir='ltr' id='par_1_6' title="bbox 986 2092 1693 2125">
     <span class='ocr_line' id='line_1_23' title="bbox 986 2092 1693 2125; baseline -0.004 0"><span class='ocrx_word' id='word_1_192' title='bbox 986 2094 1130 2125; x_wconf 82' lang='lat' dir='ltr'><strong>ditionem</strong></span> <span class='ocrx_word' id='word_1_193' title='bbox 1147 2098 1199 2125; x_wconf 86' lang='lat' dir='ltr'><strong>aut</strong></span> <span class='ocrx_word' id='word_1_194' title='bbox 1211 2104 1325 2123; x_wconf 90' lang='lat' dir='ltr'><strong>morem</strong></span> <span class='ocrx_word' id='word_1_195' title='bbox 1340 2092 1537 2123; x_wconf 85' lang='lat' dir='ltr'><strong>describendi</strong></span> <span class='ocrx_word' id='word_1_196' title='bbox 1552 2092 1693 2122; x_wconf 87' lang='lat' dir='ltr'><strong>Archon-</strong></span> 
     </span>
    </p>
   </div>
   <div class='ocr_carea' id='block_1_7' title="bbox 287 2097 1693 2176">
    <p class='ocr_par' dir='ltr' id='par_1_7' title="bbox 287 2097 1693 2176">
     <span class='ocr_line' id='line_1_24' title="bbox 287 2097 907 2138; baseline -0.01 -6"><span class='ocrx_word' id='word_1_197' title='bbox 287 2102 305 2120; x_wconf 65' lang='lat'>*</span> <span class='ocrx_word' id='word_1_198' title='bbox 329 2101 423 2132; x_wconf 84' lang='lat' dir='ltr'><strong>Diod.</strong></span> <span class='ocrx_word' id='word_1_199' title='bbox 439 2100 501 2130; x_wconf 89' lang='lat' dir='ltr'><strong>Sic.</strong></span> <span class='ocrx_word' id='word_1_200' title='bbox 517 2100 554 2129; x_wconf 80' lang='lat' dir='ltr'><strong>ad</strong></span> <span class='ocrx_word' id='word_1_201' title='bbox 572 2099 695 2138; x_wconf 81' lang='lat' dir='ltr'><strong>Olymp.</strong></span> <span class='ocrx_word' id='word_1_202' title='bbox 713 2097 857 2128; x_wconf 83' lang='lat' dir='ltr'>LXXX.</span> <span class='ocrx_word' id='word_1_203' title='bbox 875 2099 907 2127; x_wconf 67' lang='lat' dir='ltr'><strong>Q,</strong></span> 
     </span>
     <span class='ocr_line' id='line_1_25' title="bbox 986 2136 1693 2176; baseline -0.003 -9"><span class='ocrx_word' id='word_1_204' title='bbox 986 2143 1043 2168; x_wconf 88' lang='lat' dir='ltr'><strong>tas.</strong></span> <span class='ocrx_word' id='word_1_205' title='bbox 1088 2137 1148 2167; x_wconf 88' lang='lat' dir='ltr'><strong>Sed</strong></span> <span class='ocrx_word' id='word_1_206' title='bbox 1172 2137 1213 2167; x_wconf 83' lang='lat' dir='ltr'><strong>ita</strong></span> <span class='ocrx_word' id='word_1_207' title='bbox 1236 2137 1446 2166; x_wconf 86' lang='lat' dir='ltr'><strong>describantur</strong></span> <span class='ocrx_word' id='word_1_208' title='bbox 1469 2147 1525 2176; x_wconf 89' lang='lat' dir='ltr'><strong>per</strong></span> <span class='ocrx_word' id='word_1_209' title='bbox 1547 2146 1594 2166; x_wconf 90' lang='lat' dir='ltr'><strong>me</strong></span> <span class='ocrx_word' id='word_1_210' title='bbox 1609 2136 1693 2166; x_wconf 82' lang='lat' dir='ltr'><strong>licet.</strong></span> 
     </span>
    </p>
   </div>
   <div class='ocr_carea' id='block_1_8' title="bbox 285 2140 951 2175">
    <p class='ocr_par' dir='ltr' id='par_1_8' title="bbox 285 2140 951 2175">
     <span class='ocr_line' id='line_1_26' title="bbox 285 2140 951 2175; baseline -0.008 -2"><span class='ocrx_word' id='word_1_211' title='bbox 285 2148 300 2173; x_wconf 70' lang='grc'><strong>’1-</strong></span> <span class='ocrx_word' id='word_1_212' title='bbox 327 2143 528 2175; x_wconf 87' lang='lat' dir='ltr'><strong>Celeberrimi</strong></span> <span class='ocrx_word' id='word_1_213' title='bbox 558 2143 610 2172; x_wconf 90' lang='lat' dir='ltr'><strong>isti</strong></span> <span class='ocrx_word' id='word_1_214' title='bbox 642 2142 752 2171; x_wconf 87' lang='lat' dir='ltr'><strong>X-viri</strong></span> <span class='ocrx_word' id='word_1_215' title='bbox 784 2140 951 2170; x_wconf 87' lang='lat' dir='ltr'><strong>secuudum</strong></span> 
     </span>
    </p>
   </div>
   <div class='ocr_carea' id='block_1_9' title="bbox 241 2183 953 3038">
    <p class='ocr_par' dir='ltr' id='par_1_9' title="bbox 241 2183 953 3038">
     <span class='ocr_line' id='line_1_27' title="bbox 243 2183 951 2218; baseline -0.01 0"><span class='ocrx_word' id='word_1_216' title='bbox 243 2192 364 2218; x_wconf 75' lang='lat' dir='ltr'><strong>aetatem</strong></span> <span class='ocrx_word' id='word_1_217' title='bbox 388 2188 446 2217; x_wconf 91' lang='lat' dir='ltr'><strong>hoc</strong></span> <span class='ocrx_word' id='word_1_218' title='bbox 471 2187 575 2216; x_wconf 82' lang='lat' dir='ltr'><strong>ordine</strong></span> <span class='ocrx_word' id='word_1_219' title='bbox 598 2184 743 2214; x_wconf 84' lang='lat' dir='ltr'><strong>videntur</strong></span> <span class='ocrx_word' id='word_1_220' title='bbox 765 2194 833 2213; x_wconf 84' lang='lat' dir='ltr'><strong>esse</strong></span> <span class='ocrx_word' id='word_1_221' title='bbox 856 2183 951 2212; x_wconf 90' lang='lat' dir='ltr'><strong>collo-</strong></span> 
     </span>
     <span class='ocr_line' id='line_1_28' title="bbox 244 2226 951 2269; baseline -0.011 -7"><span class='ocrx_word' id='word_1_222' title='bbox 244 2232 344 2262; x_wconf 87' lang='lat' dir='ltr'><strong>candi.</strong></span> <span class='ocrx_word' id='word_1_223' title='bbox 375 2230 403 2261; x_wconf 93' lang='grc' dir='ltr'><strong>Ι.</strong></span> <span class='ocrx_word' id='word_1_224' title='bbox 419 2230 554 2269; x_wconf 87' lang='lat' dir='ltr'><strong>Antipho</strong></span> <span class='ocrx_word' id='word_1_225' title='bbox 571 2226 813 2267; x_wconf 87' lang='lat' dir='ltr'><strong>antiquissimus,</strong></span> <span class='ocrx_word' id='word_1_226' title='bbox 829 2226 881 2265; x_wconf 91' lang='lat' dir='ltr'><strong>qui</strong></span> <span class='ocrx_word' id='word_1_227' title='bbox 896 2227 951 2256; x_wconf 84' lang='lat' dir='ltr'><strong>sso-</strong></span> 
     </span>
     <span class='ocr_line' id='line_1_29' title="bbox 244 2269 951 2313; baseline -0.01 -9"><span class='ocrx_word' id='word_1_228' title='bbox 244 2276 304 2304; x_wconf 88' lang='lat' dir='ltr'><strong>ruit</strong></span> <span class='ocrx_word' id='word_1_229' title='bbox 318 2276 398 2304; x_wconf 68' lang='grc' dir='ltr'><strong>κατὰ</strong></span> <span class='ocrx_word' id='word_1_230' title='bbox 418 2275 459 2303; x_wconf 73' lang='grc' dir='ltr'><strong>τὰ.</strong></span> <span class='ocrx_word' id='word_1_231' title='bbox 482 2273 619 2313; x_wconf 73' lang='grc' dir='ltr'>Περσικὰ,</span> <span class='ocrx_word' id='word_1_232' title='bbox 634 2269 864 2305; x_wconf 77' lang='lat' dir='ltr'><strong>Themistoclis,</strong></span> <span class='ocrx_word' id='word_1_233' title='bbox 881 2269 951 2299; x_wconf 88' lang='lat' dir='ltr'><strong>Ari-</strong></span> 
     </span>
     <span class='ocr_line' id='line_1_30' title="bbox 245 2313 952 2354; baseline -0.007 -8"><span class='ocrx_word' id='word_1_234' title='bbox 245 2318 336 2347; x_wconf 81' lang='lat' dir='ltr'><strong>stidis</strong></span> <span class='ocrx_word' id='word_1_235' title='bbox 351 2322 410 2346; x_wconf 75' lang='lat' dir='ltr'><strong>etc.</strong></span> <span class='ocrx_word' id='word_1_236' title='bbox 425 2316 561 2354; x_wconf 83' lang='lat' dir='ltr'><strong>aequalis.</strong></span> <span class='ocrx_word' id='word_1_237' title='bbox 605 2315 650 2344; x_wconf 86' lang='grc' dir='ltr'><strong>ΙΙ.</strong></span> <span class='ocrx_word' id='word_1_238' title='bbox 674 2313 850 2344; x_wconf 83' lang='lat' dir='ltr'><strong>Andocides</strong></span> <span class='ocrx_word' id='word_1_239' title='bbox 865 2316 952 2342; x_wconf 90' lang='lat' dir='ltr'><strong>natus</strong></span> 
     </span>
     <span class='ocr_line' id='line_1_31' title="bbox 244 2355 952 2400; baseline -0.008 -10"><span class='ocrx_word' id='word_1_240' title='bbox 244 2361 371 2400; x_wconf 82' lang='lat' dir='ltr'><strong>Olymp.</strong></span> <span class='ocrx_word' id='word_1_241' title='bbox 409 2358 605 2389; x_wconf 85' lang='lat' dir='ltr'>LXXVIII.</span> <span class='ocrx_word' id='word_1_242' title='bbox 645 2360 675 2386; x_wconf 90' lang='lat'><strong>1.</strong></span> <span class='ocrx_word' id='word_1_243' title='bbox 741 2357 805 2386; x_wconf 90' lang='lat' dir='ltr'>III.</span> <span class='ocrx_word' id='word_1_244' title='bbox 843 2355 952 2394; x_wconf 75' lang='lat' dir='ltr'><strong>Lysias</strong></span> 
     </span>
     <span class='ocr_line' id='line_1_32' title="bbox 243 2398 950 2442; baseline -0.008 -9"><span class='ocrx_word' id='word_1_245' title='bbox 243 2404 367 2442; x_wconf 83' lang='lat' dir='ltr'><strong>Olymp.</strong></span> <span class='ocrx_word' id='word_1_246' title='bbox 389 2402 534 2432; x_wconf 86' lang='lat' dir='ltr'>LXXX.</span> <span class='ocrx_word' id='word_1_247' title='bbox 559 2403 588 2430; x_wconf 72' lang='lat'><strong>⁶2.</strong></span> <span class='ocrx_word' id='word_1_248' title='bbox 633 2399 724 2430; x_wconf 85' lang='lat' dir='ltr'><strong>Unde</strong></span> <span class='ocrx_word' id='word_1_249' title='bbox 751 2398 950 2437; x_wconf 87' lang='lat' dir='ltr'><strong>corrigendus</strong></span> 
     </span>
     <span class='ocr_line' id='line_1_33' title="bbox 244 2440 951 2482; baseline -0.01 -6"><span class='ocrx_word' id='word_1_250' title='bbox 244 2445 427 2477; x_wconf 84' lang='lat' dir='ltr'><strong>Plutarchus</strong></span> <span class='ocrx_word' id='word_1_251' title='bbox 452 2445 480 2474; x_wconf 92' lang='lat' dir='ltr'><strong>in</strong></span> <span class='ocrx_word' id='word_1_252' title='bbox 508 2444 561 2473; x_wconf 78' lang='lat' dir='ltr'><strong>vit.</strong></span> <span class='ocrx_word' id='word_1_253' title='bbox 586 2441 767 2476; x_wconf 78' lang='lat' dir='ltr'><strong>Andocidis,</strong></span> <span class='ocrx_word' id='word_1_254' title='bbox 795 2440 899 2482; x_wconf 55' lang='grc' dir='ltr'>’Ἀρχει</span> <span class='ocrx_word' id='word_1_255' title='bbox 923 2440 951 2470; x_wconf 74' lang='grc' dir='ltr'><strong>δὲ</strong></span> 
     </span>
     <span class='ocr_line' id='line_1_34' title="bbox 243 2483 950 2529; baseline -0.008 -10"><span class='ocrx_word' id='word_1_256' title='bbox 243 2488 322 2528; x_wconf 73' lang='grc' dir='ltr'><strong>αὑτῷ</strong></span> <span class='ocrx_word' id='word_1_257' title='bbox 337 2488 373 2529; x_wconf 91' lang='lat' dir='ltr'><strong>(i.</strong></span> <span class='ocrx_word' id='word_1_258' title='bbox 390 2498 418 2517; x_wconf 86' lang='lat' dir='ltr'><strong>e.</strong></span> <span class='ocrx_word' id='word_1_259' title='bbox 436 2485 605 2523; x_wconf 79' lang='lat' dir='ltr'><strong>Andocidi)</strong></span> <span class='ocrx_word' id='word_1_260' title='bbox 621 2488 673 2519; x_wconf 65' lang='grc' dir='ltr'><strong>τῆς</strong></span> <span class='ocrx_word' id='word_1_261' title='bbox 691 2483 819 2523; x_wconf 70' lang='grc' dir='ltr'><strong>γενέσεως</strong></span> <span class='ocrx_word' id='word_1_262' title='bbox 839 2484 950 2523; x_wconf 86' lang='grc' dir='ltr'>ὀλυμ-</span> 
     </span>
     <span class='ocr_line' id='line_1_35' title="bbox 243 2525 951 2571; baseline -0.01 -8"><span class='ocrx_word' id='word_1_263' title='bbox 243 2534 320 2565; x_wconf 67' lang='grc' dir='ltr'><strong>ωιᾶς</strong></span> <span class='ocrx_word' id='word_1_264' title='bbox 333 2529 388 2571; x_wconf 79' lang='grc' dir='ltr'><strong>μὲν</strong></span> <span class='ocrx_word' id='word_1_265' title='bbox 401 2529 597 2570; x_wconf 74' lang='grc' dir='ltr'>ἑβδομηκοστὴ</span> <span class='ocrx_word' id='word_1_266' title='bbox 614 2527 705 2565; x_wconf 75' lang='grc' dir='ltr'>ὀγδόη,</span> <span class='ocrx_word' id='word_1_267' title='bbox 719 2528 813 2568; x_wconf 71' lang='grc' dir='ltr'>ἄςχων</span> <span class='ocrx_word' id='word_1_268' title='bbox 830 2527 857 2557; x_wconf 76' lang='grc' dir='ltr'><strong>δὲ</strong></span> <span class='ocrx_word' id='word_1_269' title='bbox 870 2525 951 2556; x_wconf 76' lang='grc' dir='ltr'><strong>Ἀθή-</strong></span> 
     </span>
     <span class='ocr_line' id='line_1_36' title="bbox 241 2568 953 2617; baseline -0.008 -12"><span class='ocrx_word' id='word_1_270' title='bbox 241 2586 301 2617; x_wconf 72' lang='grc' dir='ltr'>νῃσι</span> <span class='ocrx_word' id='word_1_271' title='bbox 317 2572 486 2611; x_wconf 71' lang='grc' dir='ltr'>Θεαγενίδης.</span> <span class='ocrx_word' id='word_1_272' title='bbox 502 2573 578 2602; x_wconf 76' lang='grc' dir='ltr'>ὥστε</span> <span class='ocrx_word' id='word_1_273' title='bbox 593 2571 660 2601; x_wconf 71' lang='grc' dir='ltr'>εἶναι</span> <span class='ocrx_word' id='word_1_274' title='bbox 674 2569 854 2611; x_wconf 66' lang='grc' dir='ltr'>πρεσέύτερον</span> <span class='ocrx_word' id='word_1_275' title='bbox 869 2568 953 2600; x_wconf 70' lang='grc' dir='ltr'>αὐτὸν</span> 
     </span>
     <span class='ocr_line' id='line_1_37' title="bbox 243 2612 950 2652; baseline -0.01 -4"><span class='ocrx_word' id='word_1_276' title='bbox 243 2616 347 2649; x_wconf 77' lang='grc' dir='ltr'>Λυσίου</span> <span class='ocrx_word' id='word_1_277' title='bbox 375 2613 452 2646; x_wconf 77' lang='grc' dir='ltr'>ἔτεσί</span> <span class='ocrx_word' id='word_1_278' title='bbox 476 2625 530 2645; x_wconf 77' lang='grc' dir='ltr'>που</span> <span class='ocrx_word' id='word_1_279' title='bbox 554 2612 662 2650; x_wconf 70' lang='grc' dir='ltr'>ἑκατὸν,</span> <span class='ocrx_word' id='word_1_280' title='bbox 691 2614 819 2652; x_wconf 83' lang='lat' dir='ltr'><strong>legendo</strong></span> <span class='ocrx_word' id='word_1_281' title='bbox 845 2613 950 2652; x_wconf 87' lang='lat' dir='ltr'><strong>potius</strong></span> 
     </span>
     <span class='ocr_line' id='line_1_38' title="bbox 245 2657 951 2694; baseline -0.007 -3"><span class='ocrx_word' id='word_1_282' title='bbox 245 2659 323 2692; x_wconf 77' lang='grc' dir='ltr'>ἔτεσί</span> <span class='ocrx_word' id='word_1_283' title='bbox 346 2669 401 2689; x_wconf 76' lang='grc' dir='ltr'>που</span> <span class='ocrx_word' id='word_1_284' title='bbox 424 2658 508 2688; x_wconf 76' lang='grc' dir='ltr'>ὀκτώ.</span> <span class='ocrx_word' id='word_1_285' title='bbox 553 2657 645 2694; x_wconf 88' lang='lat' dir='ltr'><strong>Quod</strong></span> <span class='ocrx_word' id='word_1_286' title='bbox 665 2666 772 2685; x_wconf 86' lang='lat' dir='ltr'><strong>verum</strong></span> <span class='ocrx_word' id='word_1_287' title='bbox 792 2660 850 2686; x_wconf 85' lang='lat' dir='ltr'><strong>est.</strong></span> <span class='ocrx_word' id='word_1_288' title='bbox 895 2657 951 2686; x_wconf 86' lang='lat' dir='ltr'><strong>lv.</strong></span> 
     </span>
     <span class='ocr_line' id='line_1_39' title="bbox 244 2699 951 2740; baseline -0.011 -5"><span class='ocrx_word' id='word_1_289' title='bbox 244 2707 399 2735; x_wconf 83' lang='lat' dir='ltr'><strong>Isocrates</strong></span> <span class='ocrx_word' id='word_1_290' title='bbox 415 2702 539 2740; x_wconf 88' lang='lat' dir='ltr'><strong>Olymp.</strong></span> <span class='ocrx_word' id='word_1_291' title='bbox 551 2699 747 2730; x_wconf 86' lang='lat' dir='ltr'>LXXXVI.</span> <span class='ocrx_word' id='word_1_292' title='bbox 759 2701 790 2728; x_wconf 90' lang='lat'><strong>1.</strong></span> <span class='ocrx_word' id='word_1_293' title='bbox 835 2699 951 2728; x_wconf 89' lang='lat' dir='ltr'><strong>Iterum</strong></span> 
     </span>
     <span class='ocr_line' id='line_1_40' title="bbox 245 2740 950 2785; baseline -0.013 -7"><span class='ocrx_word' id='word_1_294' title='bbox 245 2747 368 2785; x_wconf 70' lang='lat' dir='ltr'><strong>corrigo</strong></span> <span class='ocrx_word' id='word_1_295' title='bbox 384 2745 511 2774; x_wconf 86' lang='lat' dir='ltr'><strong>eundern</strong></span> <span class='ocrx_word' id='word_1_296' title='bbox 531 2743 739 2776; x_wconf 85' lang='lat' dir='ltr'><strong>Plutarchum,</strong></span> <span class='ocrx_word' id='word_1_297' title='bbox 759 2740 899 2783; x_wconf 62' lang='grc' dir='ltr'>γςνόμενος</span> <span class='ocrx_word' id='word_1_298' title='bbox 922 2740 950 2770; x_wconf 76' lang='grc' dir='ltr'><strong>δὲ</strong></span> 
     </span>
     <span class='ocr_line' id='line_1_41' title="bbox 243 2783 951 2830; baseline -0.008 -11"><span class='ocrx_word' id='word_1_299' title='bbox 243 2792 281 2830; x_wconf 88' lang='grc' dir='ltr'><strong>(ἰ.</strong></span> <span class='ocrx_word' id='word_1_300' title='bbox 294 2801 320 2820; x_wconf 91' lang='lat' dir='ltr'><strong>e.</strong></span> <span class='ocrx_word' id='word_1_301' title='bbox 335 2787 507 2827; x_wconf 85' lang='lat' dir='ltr'><strong>Isocrates)</strong></span> <span class='ocrx_word' id='word_1_302' title='bbox 522 2788 600 2815; x_wconf 71' lang='grc' dir='ltr'><strong>κατὰ</strong></span> <span class='ocrx_word' id='word_1_303' title='bbox 612 2788 661 2817; x_wconf 75' lang='grc' dir='ltr'><strong>τὴν</strong></span> <span class='ocrx_word' id='word_1_304' title='bbox 676 2784 855 2823; x_wconf 56' lang='lat' dir='ltr'><strong>&amp;stanneo-&#39;rin‘</strong></span> <span class='ocrx_word' id='word_1_305' title='bbox 870 2783 951 2813; x_wconf 79' lang='grc' dir='ltr'>ἕκτην</span> 
     </span>
     <span class='ocr_line' id='line_1_42' title="bbox 243 2825 951 2872; baseline -0.013 -9"><span class='ocrx_word' id='word_1_306' title='bbox 243 2831 435 2872; x_wconf 75' lang='grc' dir='ltr'>Ὀλυμπιάδα</span> <span class='ocrx_word' id='word_1_307' title='bbox 451 2830 626 2870; x_wconf 77' lang='grc' dir='ltr'>Λυσιμάχου</span> <span class='ocrx_word' id='word_1_308' title='bbox 640 2825 829 2868; x_wconf 80' lang='grc' dir='ltr'>Μυῤῥινουσίου</span> <span class='ocrx_word' id='word_1_309' title='bbox 845 2826 888 2856; x_wconf 81' lang='grc' dir='ltr'>δύο</span> <span class='ocrx_word' id='word_1_310' title='bbox 904 2827 951 2855; x_wconf 74' lang='grc' dir='ltr'><strong>καὶ</strong></span> 
     </span>
     <span class='ocr_line' id='line_1_43' title="bbox 243 2868 952 2913; baseline -0.013 -7"><span class='ocrx_word' id='word_1_311' title='bbox 243 2877 340 2906; x_wconf 76' lang='grc' dir='ltr'>εἴκοσιν</span> <span class='ocrx_word' id='word_1_312' title='bbox 350 2875 442 2910; x_wconf 80' lang='grc' dir='ltr'><strong>ἐ’τεσι,</strong></span> <span class='ocrx_word' id='word_1_313' title='bbox 453 2872 638 2913; x_wconf 61' lang='grc' dir='ltr'>πρεσβύτερος</span> <span class='ocrx_word' id='word_1_314' title='bbox 653 2870 680 2900; x_wconf 75' lang='grc' dir='ltr'><strong>δὲ</strong></span> <span class='ocrx_word' id='word_1_315' title='bbox 696 2870 846 2902; x_wconf 76' lang='grc' dir='ltr'>Πλάτωνος</span> <span class='ocrx_word' id='word_1_316' title='bbox 861 2868 952 2899; x_wconf 73' lang='grc' dir='ltr'><strong>ἑπτά.</strong></span> 
     </span>
     <span class='ocr_line' id='line_1_44' title="bbox 245 2912 951 2958; baseline -0.013 -9"><span class='ocrx_word' id='word_1_317' title='bbox 245 2918 449 2958; x_wconf 81' lang='lat' dir='ltr'><strong>Lysimachus</strong></span> <span class='ocrx_word' id='word_1_318' title='bbox 478 2927 514 2946; x_wconf 84' lang='lat' dir='ltr'><strong>eo</strong></span> <span class='ocrx_word' id='word_1_319' title='bbox 543 2925 620 2944; x_wconf 80' lang='lat' dir='ltr'><strong>anno</strong></span> <span class='ocrx_word' id='word_1_320' title='bbox 647 2923 796 2944; x_wconf 84' lang='lat' dir='ltr'><strong>summum</strong></span> <span class='ocrx_word' id='word_1_321' title='bbox 823 2912 951 2942; x_wconf 77' lang='lat' dir='ltr'><strong>Athenis</strong></span> 
     </span>
     <span class='ocr_line' id='line_1_45' title="bbox 244 2954 951 2999; baseline -0.014 -7"><span class='ocrx_word' id='word_1_322' title='bbox 244 2962 458 2999; x_wconf 73' lang='lat' dir='ltr'><strong>Magistratum</strong></span> <span class='ocrx_word' id='word_1_323' title='bbox 476 2959 584 2997; x_wconf 78' lang='lat' dir='ltr'><strong>gessit,</strong></span> <span class='ocrx_word' id='word_1_324' title='bbox 600 2958 652 2996; x_wconf 89' lang='lat' dir='ltr'><strong>qui</strong></span> <span class='ocrx_word' id='word_1_325' title='bbox 667 2957 758 2986; x_wconf 85' lang='lat' dir='ltr'><strong>domo</strong></span> <span class='ocrx_word' id='word_1_326' title='bbox 775 2954 951 2994; x_wconf 83' lang='lat' dir='ltr'><strong>Myrrhinu-</strong></span> 
     </span>
     <span class='ocr_line' id='line_1_46' title="bbox 245 2999 951 3038; baseline -0.011 -4"><span class='ocrx_word' id='word_1_327' title='bbox 245 3006 309 3034; x_wconf 68' lang='lat' dir='ltr'><strong>sius</strong></span> <span class='ocrx_word' id='word_1_328' title='bbox 326 3005 455 3032; x_wconf 72' lang='lat' dir='ltr'><strong>fortasse</strong></span> <span class='ocrx_word' id='word_1_329' title='bbox 473 3003 541 3038; x_wconf 81' lang='lat' dir='ltr'><strong>fuit,</strong></span> <span class='ocrx_word' id='word_1_330' title='bbox 556 3001 608 3032; x_wconf 76' lang='lat' dir='ltr'><strong>sed</strong></span> <span class='ocrx_word' id='word_1_331' title='bbox 625 3010 684 3030; x_wconf 90' lang='lat' dir='ltr'><strong>non</strong></span> <span class='ocrx_word' id='word_1_332' title='bbox 707 2999 778 3029; x_wconf 87' lang='lat' dir='ltr'><strong>novi</strong></span> <span class='ocrx_word' id='word_1_333' title='bbox 799 3008 865 3029; x_wconf 85' lang='lat' dir='ltr'><strong>eam</strong></span> <span class='ocrx_word' id='word_1_334' title='bbox 880 3008 951 3026; x_wconf 86' lang='lat' dir='ltr'><strong>con—</strong></span> 
     </span>
    </p>
   </div>
   <div class='ocr_carea' id='block_1_10' title="bbox 981 2179 1694 3034">
    <p class='ocr_par' dir='ltr' id='par_1_10' title="bbox 981 2179 1694 3034">
     <span class='ocr_line' id='line_1_47' title="bbox 987 2179 1694 2211; baseline -0.006 0"><span class='ocrx_word' id='word_1_335' title='bbox 987 2181 1045 2211; x_wconf 86' lang='lat' dir='ltr'><strong>cui</strong></span> <span class='ocrx_word' id='word_1_336' title='bbox 1061 2185 1160 2210; x_wconf 86' lang='lat' dir='ltr'><strong>tamen</strong></span> <span class='ocrx_word' id='word_1_337' title='bbox 1176 2179 1463 2209; x_wconf 79' lang='lat' dir='ltr'><strong>connectunturista</strong></span> <span class='ocrx_word' id='word_1_338' title='bbox 1477 2179 1522 2209; x_wconf 77' lang='grc' dir='ltr'>δύο</span> <span class='ocrx_word' id='word_1_339' title='bbox 1533 2179 1580 2208; x_wconf 76' lang='grc' dir='ltr'><strong>καὶ</strong></span> <span class='ocrx_word' id='word_1_340' title='bbox 1595 2179 1694 2209; x_wconf 77' lang='grc' dir='ltr'>εἴκοσιν</span> 
     </span>
     <span class='ocr_line' id='line_1_48' title="bbox 986 2222 1694 2262; baseline -0.004 -8"><span class='ocrx_word' id='word_1_341' title='bbox 986 2223 1100 2254; x_wconf 71' lang='grc' dir='ltr'><strong>ἐ”ι-εσιν.&gt;</strong></span> <span class='ocrx_word' id='word_1_342' title='bbox 1148 2223 1298 2252; x_wconf 87' lang='lat' dir='ltr'><strong>Nimirum</strong></span> <span class='ocrx_word' id='word_1_343' title='bbox 1315 2227 1385 2252; x_wconf 80' lang='lat' dir='ltr'><strong>ante</strong></span> <span class='ocrx_word' id='word_1_344' title='bbox 1401 2222 1452 2251; x_wconf 88' lang='lat' dir='ltr'><strong>vel</strong></span> <span class='ocrx_word' id='word_1_345' title='bbox 1468 2227 1541 2262; x_wconf 83' lang='lat' dir='ltr'><strong>post</strong></span> <span class='ocrx_word' id='word_1_346' title='bbox 1558 2222 1694 2261; x_wconf 77' lang='grc' dir='ltr'>Λυσιμά-</span> 
     </span>
     <span class='ocr_line' id='line_1_49' title="bbox 984 2264 1694 2308; baseline -0.003 -12"><span class='ocrx_word' id='word_1_347' title='bbox 984 2278 1040 2308; x_wconf 86' lang='grc' dir='ltr'>χου</span> <span class='ocrx_word' id='word_1_348' title='bbox 1057 2265 1173 2296; x_wconf 83' lang='lat' dir='ltr'><strong>excidit</strong></span> <span class='ocrx_word' id='word_1_349' title='bbox 1194 2276 1256 2295; x_wconf 84' lang='lat' dir='ltr'><strong>vox</strong></span> <span class='ocrx_word' id='word_1_350' title='bbox 1276 2265 1420 2306; x_wconf 74' lang='grc' dir='ltr'>ἄςχοντος,</span> <span class='ocrx_word' id='word_1_351' title='bbox 1436 2269 1467 2295; x_wconf 87' lang='lat' dir='ltr'><strong>et</strong></span> <span class='ocrx_word' id='word_1_352' title='bbox 1481 2275 1538 2304; x_wconf 88' lang='lat' dir='ltr'><strong>pro</strong></span> <span class='ocrx_word' id='word_1_353' title='bbox 1553 2264 1694 2305; x_wconf 78' lang='grc' dir='ltr'>Μυῤῥινου-</span> 
     </span>
     <span class='ocr_line' id='line_1_50' title="bbox 986 2307 1690 2350; baseline -0.003 -11"><span class='ocrx_word' id='word_1_354' title='bbox 986 2310 1045 2339; x_wconf 87' lang='grc' dir='ltr'>σίου</span> <span class='ocrx_word' id='word_1_355' title='bbox 1061 2309 1222 2349; x_wconf 86' lang='lat' dir='ltr'><strong>legendum</strong></span> <span class='ocrx_word' id='word_1_356' title='bbox 1239 2313 1288 2338; x_wconf 81' lang='lat' dir='ltr'><strong>est</strong></span> <span class='ocrx_word' id='word_1_357' title='bbox 1302 2319 1331 2338; x_wconf 85' lang='grc' dir='ltr'><strong>νε</strong></span> <span class='ocrx_word' id='word_1_358' title='bbox 1342 2308 1465 2348; x_wconf 75' lang='grc' dir='ltr'>ώτερος</span> <span class='ocrx_word' id='word_1_359' title='bbox 1480 2308 1564 2350; x_wconf 87' lang='lat' dir='ltr'><strong>(quae</strong></span> <span class='ocrx_word' id='word_1_360' title='bbox 1581 2318 1642 2337; x_wconf 80' lang='lat' dir='ltr'><strong>vox</strong></span> <span class='ocrx_word' id='word_1_361' title='bbox 1659 2307 1690 2337; x_wconf 92' lang='lat' dir='ltr'><strong>in</strong></span> 
     </span>
     <span class='ocr_line' id='line_1_51' title="bbox 986 2349 1692 2391; baseline -0.006 -8"><span class='ocrx_word' id='word_1_362' title='bbox 986 2354 1077 2383; x_wconf 86' lang='lat' dir='ltr'>MSS.</span> <span class='ocrx_word' id='word_1_363' title='bbox 1103 2351 1321 2391; x_wconf 89' lang='lat' dir='ltr'><strong>compendiose</strong></span> <span class='ocrx_word' id='word_1_364' title='bbox 1347 2351 1482 2381; x_wconf 84' lang='lat' dir='ltr'><strong>describi</strong></span> <span class='ocrx_word' id='word_1_365' title='bbox 1509 2349 1605 2391; x_wconf 80' lang='lat' dir='ltr'><strong>solet)</strong></span> <span class='ocrx_word' id='word_1_366' title='bbox 1628 2357 1692 2380; x_wconf 87' lang='grc' dir='ltr'><strong>Λυ-</strong></span> 
     </span>
     <span class='ocr_line' id='line_1_52' title="bbox 986 2393 1692 2425; baseline -0.004 0"><span class='ocrx_word' id='word_1_367' title='bbox 986 2394 1070 2425; x_wconf 89' lang='grc' dir='ltr'>σίου</span> <span class='ocrx_word' id='word_1_368' title='bbox 1094 2395 1138 2425; x_wconf 75' lang='grc' dir='ltr'>δύο</span> <span class='ocrx_word' id='word_1_369' title='bbox 1154 2395 1200 2424; x_wconf 75' lang='grc' dir='ltr'><strong>καὶ</strong></span> <span class='ocrx_word' id='word_1_370' title='bbox 1216 2394 1314 2424; x_wconf 77' lang='grc' dir='ltr'>εἴκοσιν</span> <span class='ocrx_word' id='word_1_371' title='bbox 1331 2393 1422 2424; x_wconf 83' lang='grc' dir='ltr'>’ἐτεσιν</span> <span class='ocrx_word' id='word_1_372' title='bbox 1434 2398 1494 2423; x_wconf 78' lang='lat' dir='ltr'><strong>etc.</strong></span> <span class='ocrx_word' id='word_1_373' title='bbox 1540 2393 1634 2423; x_wconf 81' lang='lat' dir='ltr'><strong>Plane</strong></span> <span class='ocrx_word' id='word_1_374' title='bbox 1657 2398 1692 2423; x_wconf 87' lang='lat' dir='ltr'><strong>ut</strong></span> 
     </span>
     <span class='ocr_line' id='line_1_53' title="bbox 986 2435 1691 2477; baseline -0.003 -9"><span class='ocrx_word' id='word_1_375' title='bbox 986 2439 1117 2477; x_wconf 87' lang='lat' dir='ltr'><strong>Dionys.</strong></span> <span class='ocrx_word' id='word_1_376' title='bbox 1135 2438 1240 2468; x_wconf 86' lang='lat' dir='ltr'><strong>Halic.</strong></span> <span class='ocrx_word' id='word_1_377' title='bbox 1255 2437 1414 2477; x_wconf 73' lang='grc' dir='ltr'>Ἰσοκράτης</span> <span class='ocrx_word' id='word_1_378' title='bbox 1428 2437 1440 2466; x_wconf 88' lang='grc' dir='ltr'><strong>ὄ</strong></span> <span class='ocrx_word' id='word_1_379' title='bbox 1455 2435 1601 2470; x_wconf 67' lang='grc' dir='ltr'>Ἀθηναῖος</span> <span class='ocrx_word' id='word_1_380' title='bbox 1617 2435 1691 2475; x_wconf 78' lang='grc' dir='ltr'>ἐγεν-</span> 
     </span>
     <span class='ocr_line' id='line_1_54' title="bbox 985 2478 1693 2521; baseline -0.003 -11"><span class='ocrx_word' id='word_1_381' title='bbox 985 2480 1044 2513; x_wconf 76' lang='grc' dir='ltr'>νήθη</span> <span class='ocrx_word' id='word_1_382' title='bbox 1057 2481 1111 2521; x_wconf 84' lang='grc' dir='ltr'><strong>μὲν</strong></span> <span class='ocrx_word' id='word_1_383' title='bbox 1123 2481 1170 2512; x_wconf 76' lang='grc' dir='ltr'><strong>ἐπὶ</strong></span> <span class='ocrx_word' id='word_1_384' title='bbox 1182 2482 1232 2515; x_wconf 63' lang='grc' dir='ltr'><strong>τῆς</strong></span> <span class='ocrx_word' id='word_1_385' title='bbox 1242 2480 1421 2518; x_wconf 54' lang='lat' dir='ltr'><strong>&amp;stanneo-orie,-</strong></span> <span class='ocrx_word' id='word_1_386' title='bbox 1433 2479 1481 2509; x_wconf 70' lang='grc' dir='ltr'><strong>καὶ</strong></span> <span class='ocrx_word' id='word_1_387' title='bbox 1491 2478 1693 2519; x_wconf 76' lang='grc' dir='ltr'>ἕκτηςὊλυμ-</span> 
     </span>
     <span class='ocr_line' id='line_1_55' title="bbox 985 2521 1693 2566; baseline -0.004 -12"><span class='ocrx_word' id='word_1_388' title='bbox 985 2525 1094 2560; x_wconf 75' lang='grc' dir='ltr'>πιάδος,</span> <span class='ocrx_word' id='word_1_389' title='bbox 1117 2524 1249 2566; x_wconf 61' lang='grc' dir='ltr'>ἄρχοντος</span> <span class='ocrx_word' id='word_1_390' title='bbox 1263 2521 1395 2563; x_wconf 68' lang='grc' dir='ltr'><strong>Ἀθήνῃσι</strong></span> <span class='ocrx_word' id='word_1_391' title='bbox 1411 2522 1597 2563; x_wconf 74' lang='grc' dir='ltr'>Λυσιμάχου.</span> <span class='ocrx_word' id='word_1_392' title='bbox 1612 2521 1693 2562; x_wconf 79' lang='grc' dir='ltr'>πέμ.-</span> 
     </span>
     <span class='ocr_line' id='line_1_56' title="bbox 986 2566 1692 2608; baseline -0.004 -11"><span class='ocrx_word' id='word_1_393' title='bbox 986 2578 1052 2607; x_wconf 78' lang='grc' dir='ltr'><strong>πτῳ</strong></span> <span class='ocrx_word' id='word_1_394' title='bbox 1074 2568 1206 2608; x_wconf 59' lang='grc' dir='ltr'>«πρότερον</span> <span class='ocrx_word' id='word_1_395' title='bbox 1228 2566 1283 2596; x_wconf 75' lang='grc' dir='ltr'><strong>ἔτει</strong></span> <span class='ocrx_word' id='word_1_396' title='bbox 1306 2567 1355 2594; x_wconf 71' lang='grc' dir='ltr'><strong>τοῦ</strong></span> <span class='ocrx_word' id='word_1_397' title='bbox 1375 2566 1625 2596; x_wconf 72' lang='grc' dir='ltr'>Πελοποννησιακοῦ</span> <span class='ocrx_word' id='word_1_398' title='bbox 1640 2575 1692 2595; x_wconf 74' lang='grc' dir='ltr'>πο-</span> 
     </span>
     <span class='ocr_line' id='line_1_57' title="bbox 986 2607 1691 2651; baseline -0.003 -12"><span class='ocrx_word' id='word_1_399' title='bbox 986 2611 1089 2651; x_wconf 78' lang='grc' dir='ltr'>λέμου,</span> <span class='ocrx_word' id='word_1_400' title='bbox 1105 2610 1187 2640; x_wconf 75' lang='grc' dir='ltr'>δυσὶ</span> <span class='ocrx_word' id='word_1_401' title='bbox 1211 2608 1270 2638; x_wconf 72' lang='grc' dir='ltr'><strong>καὶ</strong></span> <span class='ocrx_word' id='word_1_402' title='bbox 1295 2608 1426 2638; x_wconf 79' lang='grc' dir='ltr'>εἴκοσιν</span> <span class='ocrx_word' id='word_1_403' title='bbox 1449 2607 1551 2638; x_wconf 82' lang='grc' dir='ltr'>ἐ’τεσι</span> <span class='ocrx_word' id='word_1_404' title='bbox 1573 2608 1691 2637; x_wconf 67' lang='lat' dir='ltr'><strong>veui-re·</strong></span> 
     </span>
     <span class='ocr_line' id='line_1_58' title="bbox 984 2651 1691 2693; baseline -0.004 -10"><span class='ocrx_word' id='word_1_405' title='bbox 984 2665 1017 2693; x_wconf 77' lang='lat' dir='ltr'><strong>po</strong></span> <span class='ocrx_word' id='word_1_406' title='bbox 1028 2665 1040 2687; x_wconf 88' lang='grc' dir='ltr'><em>ς</em></span> <span class='ocrx_word' id='word_1_407' title='bbox 1075 2652 1219 2683; x_wconf 83' lang='grc' dir='ltr'>Λυσίου.</span> <span class='ocrx_word' id='word_1_408' title='bbox 1266 2651 1305 2680; x_wconf 90' lang='lat' dir='ltr'><strong>V.</strong></span> <span class='ocrx_word' id='word_1_409' title='bbox 1335 2652 1444 2686; x_wconf 75' lang='lat' dir='ltr'><strong>lsaeus,</strong></span> <span class='ocrx_word' id='word_1_410' title='bbox 1469 2651 1522 2690; x_wconf 92' lang='lat' dir='ltr'><strong>qui</strong></span> <span class='ocrx_word' id='word_1_411' title='bbox 1553 2655 1691 2690; x_wconf 87' lang='lat' dir='ltr'><strong>tempore</strong></span> 
     </span>
     <span class='ocr_line' id='line_1_59' title="bbox 987 2693 1692 2736; baseline -0.003 -12"><span class='ocrx_word' id='word_1_412' title='bbox 987 2696 1058 2726; x_wconf 88' lang='lat' dir='ltr'><strong>belli</strong></span> <span class='ocrx_word' id='word_1_413' title='bbox 1074 2694 1328 2736; x_wconf 83' lang='lat' dir='ltr'><strong>Peloponnesiaci</strong></span> <span class='ocrx_word' id='word_1_414' title='bbox 1351 2693 1432 2724; x_wconf 82' lang='lat' dir='ltr'><strong>vixit</strong></span> <span class='ocrx_word' id='word_1_415' title='bbox 1456 2699 1488 2723; x_wconf 81' lang='lat' dir='ltr'><strong>et</strong></span> <span class='ocrx_word' id='word_1_416' title='bbox 1510 2694 1692 2723; x_wconf 84' lang='lat' dir='ltr'><strong>Demosthe·</strong></span> 
     </span>
     <span class='ocr_line' id='line_1_60' title="bbox 986 2736 1692 2775; baseline -0.004 -7"><span class='ocrx_word' id='word_1_417' title='bbox 986 2750 1053 2768; x_wconf 83' lang='lat' dir='ltr'><strong>nem</strong></span> <span class='ocrx_word' id='word_1_418' title='bbox 1077 2738 1221 2768; x_wconf 84' lang='lat' dir='ltr'><strong>instituit.</strong></span> <span class='ocrx_word' id='word_1_419' title='bbox 1266 2738 1323 2766; x_wconf 77' lang='lat' dir='ltr'><strong>Vt.</strong></span> <span class='ocrx_word' id='word_1_420' title='bbox 1339 2736 1514 2771; x_wconf 78' lang='lat' dir='ltr'><strong>AEschines,</strong></span> <span class='ocrx_word' id='word_1_421' title='bbox 1528 2736 1580 2775; x_wconf 83' lang='lat' dir='ltr'><strong>qui</strong></span> <span class='ocrx_word' id='word_1_422' title='bbox 1604 2736 1692 2766; x_wconf 88' lang='lat' dir='ltr'><strong>vide-</strong></span> 
     </span>
     <span class='ocr_line' id='line_1_61' title="bbox 986 2779 1691 2818; baseline -0.004 -8"><span class='ocrx_word' id='word_1_423' title='bbox 986 2787 1035 2810; x_wconf 88' lang='lat' dir='ltr'><strong>tur</strong></span> <span class='ocrx_word' id='word_1_424' title='bbox 1046 2782 1074 2810; x_wconf 92' lang='lat' dir='ltr'><strong>in</strong></span> <span class='ocrx_word' id='word_1_425' title='bbox 1087 2782 1187 2810; x_wconf 88' lang='lat' dir='ltr'><strong>lucem</strong></span> <span class='ocrx_word' id='word_1_426' title='bbox 1197 2780 1292 2810; x_wconf 77' lang='lat' dir='ltr'><strong>fuisse</strong></span> <span class='ocrx_word' id='word_1_427' title='bbox 1305 2784 1466 2818; x_wconf 80' lang='lat' dir='ltr'><strong>susceptus</strong></span> <span class='ocrx_word' id='word_1_428' title='bbox 1477 2779 1557 2808; x_wconf 81' lang='lat' dir='ltr'><strong>circa</strong></span> <span class='ocrx_word' id='word_1_429' title='bbox 1567 2779 1691 2818; x_wconf 82' lang='lat' dir='ltr'><strong>Olymp.</strong></span> 
     </span>
     <span class='ocr_line' id='line_1_62' title="bbox 986 2821 1693 2860; baseline -0.004 -7"><span class='ocrx_word' id='word_1_430' title='bbox 986 2824 1126 2855; x_wconf 82' lang='lat' dir='ltr'>XCVII.</span> <span class='ocrx_word' id='word_1_431' title='bbox 1175 2823 1378 2852; x_wconf 84' lang='lat' dir='ltr'><strong>Demosthene</strong></span> <span class='ocrx_word' id='word_1_432' title='bbox 1398 2822 1504 2860; x_wconf 85' lang='lat' dir='ltr'><strong>paucis</strong></span> <span class='ocrx_word' id='word_1_433' title='bbox 1528 2821 1614 2851; x_wconf 84' lang='lat' dir='ltr'><strong>annis</strong></span> <span class='ocrx_word' id='word_1_434' title='bbox 1630 2832 1693 2851; x_wconf 88' lang='lat' dir='ltr'><strong>ma-</strong></span> 
     </span>
     <span class='ocr_line' id='line_1_63' title="bbox 981 2864 1693 2905; baseline 0 -10"><span class='ocrx_word' id='word_1_435' title='bbox 981 2868 1043 2905; x_wconf 84' lang='lat' dir='ltr'><strong>jor.</strong></span> <span class='ocrx_word' id='word_1_436' title='bbox 1098 2867 1174 2896; x_wconf 82' lang='lat' dir='ltr'><strong>vn.</strong></span> <span class='ocrx_word' id='word_1_437' title='bbox 1198 2867 1359 2904; x_wconf 86' lang='lat' dir='ltr'><strong>Lycurgus</strong></span> <span class='ocrx_word' id='word_1_438' title='bbox 1386 2864 1525 2893; x_wconf 78' lang='lat' dir='ltr'><strong>Platonis</strong></span> <span class='ocrx_word' id='word_1_439' title='bbox 1561 2870 1591 2894; x_wconf 80' lang='lat' dir='ltr'><strong>ot</strong></span> <span class='ocrx_word' id='word_1_440' title='bbox 1625 2866 1693 2895; x_wconf 89' lang='lat' dir='ltr'><strong>Iso-</strong></span> 
     </span>
     <span class='ocr_line' id='line_1_64' title="bbox 985 2907 1692 2948; baseline -0.001 -10"><span class='ocrx_word' id='word_1_441' title='bbox 985 2909 1078 2939; x_wconf 79' lang='lat' dir='ltr'><strong>cratis</strong></span> <span class='ocrx_word' id='word_1_442' title='bbox 1094 2909 1227 2942; x_wconf 85' lang='lat' dir='ltr'><strong>auditor,</strong></span> <span class='ocrx_word' id='word_1_443' title='bbox 1250 2907 1339 2948; x_wconf 88' lang='lat' dir='ltr'><strong>cujus</strong></span> <span class='ocrx_word' id='word_1_444' title='bbox 1354 2907 1432 2936; x_wconf 87' lang='lat' dir='ltr'><strong>inter</strong></span> <span class='ocrx_word' id='word_1_445' title='bbox 1448 2908 1593 2937; x_wconf 83' lang='lat' dir='ltr'><strong>Oratores</strong></span> <span class='ocrx_word' id='word_1_446' title='bbox 1608 2908 1692 2937; x_wconf 86' lang='lat' dir='ltr'><strong>Grae—</strong></span> 
     </span>
     <span class='ocr_line' id='line_1_65' title="bbox 985 2949 1692 2990; baseline -0.001 -9"><span class='ocrx_word' id='word_1_447' title='bbox 985 2962 1039 2981; x_wconf 85' lang='lat' dir='ltr'><strong>cos</strong></span> <span class='ocrx_word' id='word_1_448' title='bbox 1058 2951 1098 2981; x_wconf 92' lang='lat' dir='ltr'><strong>H.</strong></span> <span class='ocrx_word' id='word_1_449' title='bbox 1115 2950 1261 2990; x_wconf 82' lang='lat' dir='ltr'><strong>Stephani</strong></span> <span class='ocrx_word' id='word_1_450' title='bbox 1279 2949 1461 2979; x_wconf 83' lang='lat' dir='ltr'><strong>suavissima</strong></span> <span class='ocrx_word' id='word_1_451' title='bbox 1482 2955 1513 2979; x_wconf 86' lang='lat' dir='ltr'><strong>et</strong></span> <span class='ocrx_word' id='word_1_452' title='bbox 1537 2950 1621 2980; x_wconf 82' lang='lat' dir='ltr'><strong>lectu</strong></span> <span class='ocrx_word' id='word_1_453' title='bbox 1646 2951 1692 2980; x_wconf 92' lang='lat' dir='ltr'><strong>di-</strong></span> 
     </span>
     <span class='ocr_line' id='line_1_66' title="bbox 986 2993 1693 3034; baseline -0.003 -10"><span class='ocrx_word' id='word_1_454' title='bbox 986 2995 1142 3034; x_wconf 80' lang='lat' dir='ltr'><strong>gnissima,</strong></span> <span class='ocrx_word' id='word_1_455' title='bbox 1152 2994 1259 3033; x_wconf 80' lang='lat' dir='ltr'><strong>paucis</strong></span> <span class='ocrx_word' id='word_1_456' title='bbox 1271 2998 1370 3023; x_wconf 80' lang='lat' dir='ltr'><strong>tamen</strong></span> <span class='ocrx_word' id='word_1_457' title='bbox 1384 2997 1464 3027; x_wconf 80' lang='lat' dir='ltr'><strong>nota,</strong></span> <span class='ocrx_word' id='word_1_458' title='bbox 1475 2997 1576 3023; x_wconf 85' lang='lat' dir='ltr'><strong>exstat</strong></span> <span class='ocrx_word' id='word_1_459' title='bbox 1586 2993 1693 3023; x_wconf 82' lang='lat' dir='ltr'><strong>Oratio</strong></span> 
     </span>
    </p>
   </div>
  </div>
 </body>
</html>
