1839 3229
221 182 277 224 24
780 184 812 227 l.
839 185 871 226 I.
895 184 1124 227 REISKII

221 298 437 343 auctorum,
458 294 524 345 qui
544 296 583 333 in
609 295 778 334 editione
803 296 928 347 Lysiae
948 295 1185 335 Londinensi
1216 296 1480 335 emendantur.
1536 300 1575 334 2.
1597 295 1678 334 Lo-

222 369 355 395 corum
376 356 464 395 novi
493 356 665 405 foederis,
691 357 758 406 qui
783 357 821 395 in
848 358 1071 397 Marklandi
1099 358 1346 408 conjecturis
1378 359 1428 397 ad
1458 359 1610 410 Lysiam
1636 364 1677 397 et

225 417 405 469 Dionysii
426 418 516 457 Hal.
544 418 718 456 libellum
747 418 795 456 de
827 418 940 469 Lysia
960 421 1228 466 emendantur,
1249 420 1307 458 vel
1329 420 1582 458 illustrantur.
1638 425 1677 458 3.

224 479 406 518 Praefatio
427 480 587 531 Taylori
616 480 666 518 ad
687 480 857 518 indicem
887 481 937 518 ab
960 481 1046 532 ipso
1062 482 1344 532 conscriptum,
1366 495 1481 531 quem
1500 483 1676 521 Atticum

220 542 419 592 appellare
439 540 474 579 ei
494 542 656 592 placuit,
678 548 718 580 et
739 541 865 580 Index
886 542 981 592 ipse.

276 602 497 653 Descriptio
519 603 603 641 haec
628 608 686 640 est
714 602 838 654 Lysiae
857 603 1082 654 Taylorani,
1111 617 1223 652 quem
1253 604 1518 642 recudendum
1545 605 1676 655 operis

221 663 489 714 Lipsiensibus
509 663 613 711 dedi,
627 664 693 702 sed
716 664 889 702 nonnihil
911 664 1165 712 immutatum,
1182 672 1225 704 ut
1239 680 1285 705 ex
1304 666 1362 711 iis,
1384 679 1472 716 quae
1494 680 1597 705 nunc
1617 667 1677 704 di-

222 737 305 763 cam
326 726 512 775 pluribus,
542 726 752 764 constabit.
811 725 1039 764 Orationem
1076 728 1271 775 Graecam,
1305 741 1388 774 seu,
1413 741 1529 779 quem
1562 729 1678 778 vulgo

223 793 425 838 usurpant,
443 788 610 826 Textum
627 789 824 834 Graecum,
845 796 1120 839 expresserunt
1135 802 1261 840 operae
1280 795 1423 828 nostrae
1438 803 1485 828 ex
1499 790 1679 840 exemplo

222 849 454 900 Taylorano.
510 850 653 888 Verum
675 862 752 900 qua
771 850 950 889 libertate
968 850 1118 902 Taylor
1144 863 1166 888 a
1196 851 1383 902 Stephani
1402 852 1579 902 exemplo
1598 850 1679 889 dis·

222 911 353 958 cessit,
375 911 480 962 quod
505 911 734 950 imitandum
761 912 838 950 suis
865 912 994 963 operis
1021 919 1290 963 proposuerat,
1312 913 1482 952 imitatus
1502 926 1548 952 ea
1577 913 1615 951 in
1637 926 1677 951 re

223 973 462 1024 Stephanum
483 973 622 1024 ipsum,
654 974 721 1025 qui
754 975 899 1026 passim
925 975 1099 1013 locorum
1124 981 1273 1013 textum
1292 975 1477 1014 Aldinum
1498 975 1677 1014 immuta-

222 1043 341 1082 verat,
364 1037 499 1075 eadem
520 1049 594 1087 ego
613 1050 772 1088 quoque
800 1037 980 1075 libertate
1018 1038 1109 1075 mihi
1137 1050 1214 1075 non
1248 1037 1340 1075 duxi
1369 1036 1678 1076 interdicendum

221 1110 317 1144 esse,
334 1103 375 1136 ut
395 1098 658 1150 Tayloranum
679 1100 914 1150 exemplum,
942 1100 1009 1137 ubi
1029 1113 1188 1138 necesse
1211 1099 1416 1147 videretur,
1444 1100 1521 1138 sive
1541 1099 1591 1137 ad
1612 1112 1680 1138 co-

222 1160 354 1198 dicum
382 1161 577 1200 Mstorum
597 1161 868 1200 auctoritatem
899 1161 1249 1209 accommodarem,
1271 1162 1350 1200 sive
1369 1161 1419 1200 ad
1439 1161 1680 1213 primigeniae

222 1222 378 1260 Aldinae
418 1222 534 1261 fidem
566 1223 834 1268 reformarem;
871 1224 915 1262 iis
950 1223 1000 1262 de
1030 1223 1124 1262 locis
1155 1236 1203 1261 ne
1233 1235 1548 1270 commemorem,
1582 1235 1682 1274 quos

222 1285 353 1323 Marte
373 1299 459 1323 meo
480 1285 637 1330 refinxi;
662 1299 737 1334 qua
762 1286 811 1324 de
830 1299 886 1333 re,
907 1285 1060 1335 quoties
1077 1299 1148 1324 usu
1170 1285 1288 1331 venit,
1319 1292 1395 1324 tam
1416 1284 1611 1324 asteriscis
1642 1285 1682 1322 in

223 1353 341 1393 texto,
371 1360 486 1395 quam
514 1347 713 1398 copiosius
746 1347 784 1385 in
814 1347 1134 1385 annotationibus
1163 1347 1361 1385 admonui.
1417 1347 1573 1398 Taylori
1593 1359 1682 1385 cum

223 1408 540 1447 annotationibus
562 1408 868 1453 Marklandinas,
892 1420 977 1455 quae
998 1407 1038 1444 in
1059 1405 1298 1444 Londinensi
1314 1408 1472 1446 seorsim
1488 1410 1683 1460 leguntur,

222 1471 416 1521 copulavi,
443 1470 712 1508 commoditati
742 1470 932 1507 lectorum
953 1467 1219 1506 inserviturus.
1276 1467 1492 1506 Amborum
1520 1475 1684 1508 annota-

222 1532 398 1571 tionibus
420 1544 524 1569 meas
544 1531 696 1568 'nomine
726 1535 901 1569 carentes
922 1530 1128 1576 immiscui,
1150 1541 1243 1579 quo,
1265 1542 1353 1580 quae
1372 1529 1421 1568 ad
1443 1530 1517 1569 hoc
1536 1530 1614 1569 diei
1632 1530 1683 1569 ad

223 1594 378 1645 Lysiam
394 1598 577 1631 annotata
597 1592 749 1643 uspiam
774 1597 981 1638 exstarent,
1003 1604 1047 1629 ea
1075 1593 1165 1629 unis
1186 1590 1281 1629 locis
1301 1592 1339 1629 in
1366 1590 1475 1630 brevi
1495 1591 1605 1642 quasi
1625 1598 1684 1631 ta-

223 1655 328 1693 bella
361 1654 648 1693 exhiberentur.
705 1654 834 1691 Unum
867 1654 1049 1691 volumen
1087 1653 1221 1691 formae
1259 1653 1432 1701 minoris,
1462 1653 1685 1704 cujusmodi

225 1718 300 1755 hoc
321 1722 407 1762 est,·
426 1717 609 1767 quoniam
639 1716 768 1753 omnia
802 1728 879 1753 non
918 1715 1118 1767 capiebat,
1151 1728 1241 1765 quae
1272 1714 1398 1765 major
1429 1716 1684 1756 Londinensis

225 1779 395 1825 exhibet,
419 1791 508 1828 quae
529 1778 604 1816 hoc
635 1778 674 1816 in
703 1778 827 1828 primo
857 1777 1053 1816 volumine
1087 1778 1217 1815 locum
1249 1789 1326 1815 non
1353 1778 1613 1827 inveniebant,
1639 1792 1686 1817 ea

226 1841 442 1879 necessario
462 1841 500 1878 in
521 1839 735 1878 secundum
773 1840 880 1878 brevi
907 1845 999 1890 post
1025 1839 1287 1877 insecuturum
1308 1838 1439 1889 rejeci.
1496 1840 1598 1879 Sunt
1616 1853 1685 1879 au⁸

226 1911 303 1941 tem
325 1902 409 1940 haec
429 1902 527 1939 istoc
550 1902 686 1940 ordine
707 1914 729 1940 a
749 1915 808 1940 me
830 1915 902 1939 suo
922 1907 1097 1952 tempore
1110 1899 1341 1940 exhibenda.
1397 1905 1437 1941 1.
1457 1902 1687 1954 Fragmenta

227 1977 317 2002 cum
339 1964 657 2002 annotationibus
677 1963 834 2014 Taylori
857 1964 1003 2002 solius=
1037 1976 1123 2001 nam
1145 1962 1193 2000 ad
1215 1975 1260 2000 ea
1281 1975 1407 2012 neque
1428 1963 1688 2004 Marklandus

228 2029 438 2077 quicquam
459 2026 671 2072 annotavit,
693 2039 821 2077 neque
849 2039 922 2077 ego
948 2027 1118 2064 animum
1151 2025 1198 2063 iis
1231 2024 1392 2064 adverti.
1447 2032 1487 2066 2.
1517 2027 1687 2078 Indices,

227 2088 293 2135 qui
312 2101 472 2125 numero
491 2093 606 2125 erunt
626 2087 770 2138 plures,
792 2100 881 2126 cum
912 2087 979 2135 illi,
1010 2101 1107 2137 quos
1140 2088 1376 2139 pauloante
1405 2101 1682 2127 commemora-

227 2151 329 2197 bam,
351 2164 397 2187 ex
418 2150 591 2188 editione
613 2150 851 2188 Londinensi
871 2150 1098 2200 repetendi;
1129 2155 1212 2188 tum
1241 2149 1304 2187 alii
1332 2150 1422 2187 novi
1444 2150 1494 2188 ab
1514 2150 1598 2201 ipso
1623 2163 1687 2188 me

222 2212 306 2262 jam
327 2212 561 2260 concinnati,
581 2213 808 2251 Graecitatis
836 2218 929 2263 puta
949 2212 1138 2265 Lysiacae,
1157 2219 1196 2252 et
1214 2212 1413 2251 hominum
1438 2225 1461 2250 a
1481 2213 1600 2265 Lysia
1618 2225 1687 2263 ap-

227 2274 471 2324 pellatorum,
491 2280 530 2313 et
544 2275 733 2322 locorum,
753 2281 793 2314 et
813 2276 955 2326 legum.
1012 2278 1049 2312 3.
1079 2274 1250 2313 Libellus
1271 2275 1482 2313 variantum
1506 2276 1545 2314 in
1572 2274 1689 2326 Lysia

228 2337 455 2376 lectionum.
511 2343 550 2376 4.
579 2338 737 2390 Taylori
756 2338 935 2389 praefatio
964 2337 1012 2376 ad
1043 2337 1209 2388 Lysiam.
1266 2341 1304 2375 5.
1334 2336 1557 2375 Marklandi
1587 2349 1687 2388 prae-

227 2400 324 2437 satio
349 2400 398 2438 ad
419 2400 679 2451 Conjecturas
700 2401 834 2452 ipsius.
888 2403 927 2437 6.
958 2400 1083 2451 Lysiae
1104 2400 1193 2438 Vita
1213 2413 1236 2438 a
1255 2400 1426 2451 Tayloro
1454 2399 1688 2450 conscripta.

173 2464 176 2468 ’
229 2465 268 2501 ’7.
298 2461 470 2501 Libellus
491 2462 670 2514 Dionysii
692 2461 979 2500 Halicarnassei
1011 2462 1059 2499 de
1091 2461 1219 2512 Lysia,
1253 2473 1339 2499 cum
1375 2460 1690 2500 annotationibu‘s

229 2522 402 2573 Taylori,
425 2523 660 2569 Marklandi,
682 2523 787 2569 meis,
817 2529 856 2561 et
883 2523 941 2574 iis,
975 2536 1070 2573 quas
1105 2523 1154 2561 de
1189 2536 1258 2561 suo
1289 2522 1382 2559 mihi
1415 2522 1600 2572 impertiit
1628 2523 1689 2560 Io.

232 2582 378 2621 Frider.
401 2584 583 2622 Matthaei
602 2584 651 2622 V.
673 2585 719 2621 C.
775 2589 812 2622 8.
844 2585 1053 2622 Lectiones
1078 2583 1238 2635 Taylori
1259 2582 1445 2633 Lysiacae.
1503 2584 1691 2634 Superest

230 2644 362 2682 adhuc
381 2644 486 2682 aliud
515 2645 619 2682 haud
639 2645 844 2683 tacendum
864 2658 886 2682 a
914 2658 972 2682 me
990 2645 1226 2683 innovatum.
1283 2644 1372 2682 Hoc
1392 2657 1544 2695 nempe.
1600 2645 1690 2682 Ma-

233 2719 308 2756 gna
324 2717 414 2755 pars
433 2705 726 2743 annotationum
748 2705 904 2756 Taylori
925 2705 1029 2744 aliud
1051 2707 1145 2744 nihil
1166 2705 1335 2751 exhibet,
1348 2713 1608 2756 praeterquam
1623 2718 1689 2744 va-

231 2768 377 2805 riantes
405 2767 590 2805 lectiones
611 2780 658 2804 ex
679 2766 837 2812 Aldina,
859 2767 1098 2806 Coisliniano
1123 2768 1273 2814 codice,
1291 2774 1332 2805 et
1355 2767 1591 2817 marginibus
1608 2767 1690 2806 edi-

231 2828 349 2867 tionis
370 2829 616 2879 Stephanicae
637 2828 835 2867 collectas.
894 2830 974 2878 Ego
989 2842 1078 2867 vero
1098 2835 1291 2878 quotquot
1307 2828 1529 2878 hujusmodi
1546 2829 1690 2867 notulae

233 2891 402 2929 inessent
415 2891 572 2940 reliquis
587 2891 813 2942 Tayloranis
829 2890 1020 2937 immistae,
1036 2903 1099 2928 eas
1113 2904 1244 2929 omnes
1264 2889 1313 2928 ad
1331 2890 1480 2929 Libellu
1488 2890 1689 2929 mVarian-

232 2953 327 2992 tium
348 2952 387 2990 in
407 2952 578 2992 secundo
593 2958 725 2991 nostro
745 2952 937 2990 volumine
958 2952 1220 2990 exhibendum
1237 2952 1453 2990 amandavi.
1513 2951 1631 2995 Quod
1648 2952 1679 2990 si
