1819 3219
347 165 430 205 AD
463 162 558 204 OR.
593 163 643 203 C.
678 161 977 204 ANDOCID.
1014 164 1350 207 PRAEFATIO.
1496 166 1582 208 255

129 271 302 319 γνήσιος;
335 269 500 320 primum
520 282 555 307 V.
574 269 846 317 Καταπλὴξ-
859 269 1013 313 Λὺσίας
1032 271 1070 308 ἐν
1091 273 1139 322 τῷ
1162 274 1236 308 κατ’
1254 271 1468 310 Ἀνδοκίδου
1496 274 1584 311 ἀσε-

124 329 232 378 βείας
249 332 305 381 (p.
326 334 418 371 107.
440 345 476 369 v.
498 333 593 377 34),
613 334 643 369 εἶ
672 334 827 380 γνήσιος
859 333 878 368 ὁ
910 333 1053 380 λόγος;
1084 331 1227 369 deinde
1257 345 1292 370 v.
1325 333 1516 384 φαρμακίις
1531 357 1583 361 -—

125 390 279 434 Λυσίας
306 391 347 430 ἐν
366 395 415 444 τῷ
436 395 512 430 κατ’
529 392 741 431 Ἀνδοκίδου
761 391 941 440 α’σεβείας
959 395 1012 445 (p.
1036 397 1128 430 108.
1146 406 1181 430 v.
1202 394 1272 441 4.)‚
1293 395 1322 430 εἰ
1343 396 1523 441 γνήσιοςῑ
1545 400 1584 432 at

124 465 160 491 v.
173 453 372 504 Ῥόπτρον,
392 453 517 504 (quod
539 459 667 493 exstat
685 454 794 492 initio
809 454 1032 505 fragmenti)
1046 455 1190 492 nullam
1206 460 1337 492 notam
1354 455 1587 505 suspicionis

123 512 288 553 addidit.
345 516 443 561 Quis
459 522 590 556 autem
606 515 911 554 Declamationis
927 522 1063 555 auctor
1092 516 1141 554 sit
1171 515 1391 560 habendus,
1421 528 1500 553 non
1527 522 1585 554 est

124 575 393 625 exploratum:
422 591 548 629 neque
571 578 620 616 de
649 577 722 616 hac
748 591 789 616 re
819 583 927 616 certo
956 579 1077 616 ausim
1105 582 1284 615 statuere.
1341 576 1431 614 Non
1454 582 1586 614 tamen

125 637 229 675 illam
250 639 299 676 ab
319 641 459 690 aequali
479 640 698 678 Andocidis
729 653 814 678 esse
847 640 1031 691 scriptam
1063 639 1145 690 ipse
1176 638 1285 677 stilus
1317 644 1356 676 et
1389 637 1586 676 scribendi

124 700 224 738 ratio
251 700 393 738 docere
424 701 592 749 videtur,
625 702 770 753 quippe
804 714 894 752 quae
931 701 1094 740 multum
1123 700 1310 739 abhorret
1341 699 1391 737 ab
1421 699 1586 750 antiqua

124 761 190 799 illa
223 762 441 800 Atticorum
477 763 727 814 simplicitate
756 769 797 802 et
824 764 1036 809 tenuitate;
1067 776 1195 813 neque
1229 761 1446 800 naturalem
1477 761 1586 799 illum

126 822 245 861 habet
273 830 312 861 et
337 823 516 862 Atticum
535 825 720 871 colorem,
743 824 811 863 sed
840 825 1002 863 nitorem
1024 823 1219 874 quendam
1241 823 1426 861 fucatum.
1483 823 1589 867 Qua-

124 890 285 934 propter
304 898 388 923 eam
408 887 537 936 potius
558 900 581 924 a
600 886 755 925 rhetore
774 887 835 924 vel
863 886 1037 937 sophista
1057 885 1283 936 posterioris
1305 884 1446 932 aetatis‚
1468 897 1586 935 quam

124 947 175 985 ab
194 947 339 997 aequali
360 948 530 998 quodam
558 949 686 1000 Lysiae
707 947 925 999 profectam
947 960 1030 985 esse
1050 960 1214 986 censeo:
1244 946 1345 985 forte
1367 951 1506 985 auctor
1533 946 1584 984 ab

125 1013 241 1046 aetate
263 1009 454 1046 Demetrii
468 1009 643 1048 Phalerei
663 1023 740 1048 non
761 1010 876 1059 longe
893 1008 968 1047 fuit
987 1014 1171 1048 remotus.
1228 1008 1438 1061 Probabile
1454 1013 1584 1046 autem

126 1075 198 1116 est,
227 1083 381 1108 causam
415 1075 493 1109 tarn
519 1071 755 1109 celebratam
788 1069 1090 1120 pulcherrimam
1119 1070 1341 1109 rhetoribus
1369 1069 1586 1120 praebuisse

126 1130 340 1177 materiem,
360 1131 398 1168 in
419 1145 496 1182 qua
517 1131 590 1170 sibi
611 1132 894 1170 elaborandum
915 1137 1109 1182 putarent,
1128 1132 1344 1183 foetumque
1377 1144 1487 1169 suum
1508 1131 1587 1182 Ly-

127 1193 194 1230 siae
225 1193 454 1239 tribuerent,
483 1207 599 1243 quem
631 1194 775 1231 scirent
796 1194 1015 1232 Andocidis
1043 1194 1164 1232 fuisse
1192 1194 1400 1244 aequalem.
1457 1195 1588 1241 Atque

125 1253 216 1292 hinc
246 1254 393 1292 factum
425 1267 508 1292 esse
539 1254 729 1301 existimo,
750 1261 793 1292 ut
812 1255 944 1305 plures
964 1255 1091 1306 Lysiae
1111 1255 1267 1293 nomine
1289 1261 1427 1293 contra
1448 1254 1587 1293 Ando-

124 1316 250 1354 cidem
272 1316 482 1354 Orationes
504 1316 594 1354 olim
612 1316 844 1363 exstiterint,
865 1330 1030 1367 quarum
1052 1318 1195 1355 nullam
1215 1323 1345 1355 tamen
1365 1329 1588 1367 germanam

126 1378 264 1416 habuit
282 1378 594 1429 Harpocration:
625 1378 688 1416 hic
708 1377 810 1416 enim
831 1392 868 1416 v.
889 1378 1262 1431 Πλειστηριάσαντες
1280 1378 1415 1416 laudat
1430 1378 1589 1429 Lysiam

123 1441 165 1479 ἐν
184 1444 234 1493 τῷ
257 1443 332 1479 κατ’
349 1439 581 1487 Ἀνδοκίδην,
601 1444 633 1479 εἰ
655 1443 823 1490 γνήσιος,
842 1446 881 1478 et
905 1455 940 1479 v.
959 1442 1141 1491 Ἐπίγυον
1160 1440 1336 1490 ejusdem
1358 1440 1590 1479 OratIOnem

123 1504 200 1542 κατ’
217 1503 430 1550 Ἀνδοκίδην
449 1505 698 1551 ἀποστασίου,
718 1505 749 1541 εἰ
769 1505 938 1552 γνήσιος.
996 1507 1052 1541 Ex
1073 1503 1253 1541 omnibus
1284 1508 1414 1541 autem
1445 1504 1590 1542 Orato-

122 1565 229 1603 ribus
249 1564 391 1603 Atticis
411 1565 538 1602 nullus
557 1563 646 1611 fuit,
666 1563 780 1613 cujus
801 1565 954 1603 nomine
974 1564 1028 1603 ita
1047 1564 1161 1603 abusi
1190 1565 1266 1602 sint
1294 1565 1505 1612 Rhetores‚
1527 1564 1588 1604 uti

123 1626 279 1666 nomine
312 1626 452 1678 Lysiae.
508 1626 638 1677 Hujus
669 1625 770 1664 enim
797 1639 845 1664 ex
866 1630 945 1665 425
966 1625 1222 1665 Orationibus
1243 1625 1324 1663 fere
1352 1630 1431 1665 200
1452 1626 1502 1664 ab
1521 1639 1590 1664 an-

125 1688 244 1738 tiquis
274 1686 420 1727 habitae
452 1693 542 1726 sunt
572 1687 737 1738 spuriae:
767 1687 845 1725 vid.
867 1687 1034 1726 Photius
1060 1687 1099 1725 in
1129 1686 1244 1738 Lysia
1264 1686 1384 1738 (Cod.
1405 1688 1520 1736 261.)
1549 1692 1589 1725 et

125 1749 266 1788 Suidas
284 1763 322 1788 v.
343 1748 508 1792 Λυσίας·
540 1749 707 1787 Facilius
728 1754 859 1788 autem
880 1748 1082 1800 Lysiacam
1112 1748 1359 1794 tenuitatem,
1381 1762 1498 1799 quam
1520 1754 1588 1788 aut

123 1824 324 1849 numerum
344 1810 527 1849 Isocratis
547 1816 614 1850 aut
629 1810 703 1848 vim
723 1810 881 1849 dicendi
901 1810 1233 1849 Demostheneam
1254 1809 1396 1848 imitari
1412 1824 1453 1848 se
1471 1823 1588 1860 posse

121 1873 178 1911 illi
197 1871 473 1911 confidebant:
505 1871 606 1910 unde
628 1871 814 1922 frequens
836 1871 912 1911 ista
930 1872 979 1911 ad
997 1871 1125 1923 Lysiae
1146 1872 1357 1910 Oratio'nes
1378 1873 1585 1910 Gramma-

121 1935 287 1976 ticorum
306 1939 413 1981 nota,
432 1935 460 1972 εἶ
480 1936 649 1983 γνήσιος.

176 1996 364 2041 Quamvis
379 2002 509 2034 autem
525 1995 653 2047 Lysiae
672 1995 772 2034 falso
789 1995 908 2034 tribui
922 1996 1081 2035 credam
1100 1996 1200 2035 hanc
1216 1996 1462 2044 Orationem,
1480 1996 1585 2036 haud

123 2063 252 2096 tamen
272 2057 430 2108 indigna
449 2063 522 2103 est,
552 2056 590 2095 in
618 2070 697 2108 qua
727 2057 971 2096 emendanda
1001 2058 1261 2096 elaboremus.
1319 2058 1421 2096 Nam
1453 2058 1586 2097 multis

123 2120 335 2157 etiamnum
368 2125 495 2157 scatet
524 2119 658 2165 naevis,
689 2133 788 2171 quos
820 2119 885 2157 alii
917 2119 1095 2158 nondum
1127 2133 1365 2171 expurgasse
1389 2120 1585 2159 videntur.

124 2179 324 2218 Nonnulla
343 2179 474 2225 etiam,
495 2193 583 2231 quae
604 2181 767 2220 aliorum
786 2181 1031 2233 diligentiam
1052 2182 1252 2232 fugerunt,
1280 2195 1327 2220 ex
1346 2182 1586 2222 Valckenae-

123 2241 239 2280 rianis
258 2241 545 2291 depromemus.
602 2243 668 2281 Sic
687 2243 737 2281 ad
758 2243 886 2294 ipsum
907 2244 1055 2282 initium
1077 2243 1279 2282 Orationis
1295 2249 1404 2282 notat
1419 2245 1586 2283 Valcke-

124 2302 289 2349 naerius,
321 2302 545 2353 Taylorum,
574 2304 642 2354 qui
673 2303 712 2341 in
740 2305 851 2345 Lect.
880 2306 973 2356 Lys.
1003 2319 1039 2344 c.
1061 2309 1098 2342 8.
1131 2305 1316 2343 nonnulla
1345 2305 1503 2357 collegit
1532 2306 1583 2345 de

123 2362 346 2401 tristissima
366 2369 487 2400 morte
507 2376 579 2414 per
597 2363 778 2410 inediam,
795 2365 971 2403 omisisse
993 2372 1121 2404 tamen
1138 2366 1280 2412 locum,
1297 2379 1415 2416 quem
1430 2369 1585 2407 Auctor

124 2424 324 2466 Orationis
352 2425 545 2475 expressit
569 2425 866 2477 Thucydideum
897 2440 937 2478 p.
966 2431 1058 2465 205.
1079 2440 1116 2465 v.
1137 2431 1202 2466 63.
1232 2429 1408 2480 εἱλόμεθα
1437 2431 1486 2468 ἂν
1511 2433 1582 2481 πρό

123 2502 168 2537 γε
197 2490 323 2525 τούτου
351 2490 400 2538 τῷ
433 2487 616 2540 αἰσχίστῳ
649 2487 792 2541 ὀλέθρῳ
823 2492 920 2541 λιμῷ
953 2492 1183 2536 τελευτῆσαι.
1241 2490 1426 2529 “Forsan
1445 2497 1485 2530 et
1504 2492 1583 2539 hic,

122 2547 265 2599 inquit,
295 2553 477 2598 posuerat
508 2548 697 2600 alexim-cg
722 2561 794 2598 pro
823 2552 1006 2602 ἀλγίστῳ,
1038 2550 1094 2588 uti
1125 2550 1259 2601 Lysias
1281 2563 1321 2601 p.
1341 2556 1436 2593 247.
1457 2566 1492 2590 v.
1514 2557 1580 2590 14.

121 2611 376 2659 ἠναγκάζοντο
408 2611 591 2662 αἰσχίστῳ
623 2612 681 2648 καὶ
712 2612 941 2665 ἀκλεεστάτῳ
974 2614 1108 2665 ὀλέθρῳ
1137 2612 1395 2652 ἀπόλλυσθαι.
1451 2615 1513 2652 Ita
1540 2620 1581 2652 et

122 2670 327 2723 Polyaenus
367 2684 409 2722 p.
440 2674 506 2711 77.
542 2685 577 2709 v.
608 2677 647 2710 6.
690 2675 789 2724 λιμῷ
817 2675 1001 2726 αἴσχιστα
1041 2676 1261 2713 ἁλώσοιντο.
1319 2674 1414 2713 Aliis
1450 2680 1579 2713 tamen

122 2733 235 2771 etiam
255 2735 416 2777 θάνατος
436 2732 501 2772 ille
520 2732 662 2773 dicitur
676 2734 873 2784 οἴκτιστος,
894 2736 990 2776 locis
1007 2749 1096 2789 quae
1109 2736 1298 2788 Taylorus
1317 2735 1579 2788 designavit.’'
