1819 3219
549 177 883 224 LECTIONES
918 177 1200 219 LYSIACAE.
1522 180 1598 220 137

151 276 281 314 tuerat,
303 283 426 306 verum
445 273 633 316 extemplo
656 271 856 316 prohibere,
882 281 926 304 ne
951 270 1110 303 eveniret
1136 269 1172 301 id
1197 269 1294 313 quod
1320 270 1495 304 infectum
1522 281 1600 305 esse

151 325 334 370 voluerint.
365 327 422 360 Ita
438 327 472 359 in
486 326 650 366 Tabulis,
668 336 750 369 quae
771 324 815 358 ab
835 326 1070 367 ingenuorum
1089 332 1280 367 puerorum
1300 324 1510 366 corporibus
1527 325 1597 358 vim

146 383 182 414 et
197 381 452 414 contumeliam
472 381 651 420 arcebant,
677 381 712 413 in
739 380 836 413 calce
855 379 941 422 legis
958 377 1222 421 subjiciebant:
1253 378 1395 420 ἔνοχοι
1420 378 1456 410 δὲ
1483 380 1600 414 ἔστω-

150 448 224 468 σαν
249 436 396 475 ταῖςόε
432 439 526 476 ταῖς
551 437 712 474 αἰτίαις
736 438 801 468 καὶ
840 435 874 467 οἱ
910 436 968 474 εἰς
1002 435 1049 466 τὰ
1081 434 1266 466 οἰκετικὰ
1303 433 1479 475 σώματα
1515 435 1599 470 ἐξα·

144 492 448 535 μαρτάνοντες,
504 491 621 534 Cujus
647 490 912 525 constitutionis
938 500 984 522 ne
1013 489 1093 532 quis
1111 491 1175 520 aut
1192 486 1420 520 insolentiam
1439 489 1501 519 aut
1517 486 1602 520 inae·

145 545 355 588 qualitatem
375 546 537 585 miretur,
566 544 674 578 nihilo
691 557 738 578 sc.
756 543 900 590 majoris
916 544 1051 577 censeri
1067 542 1232 585 inqenuos
1247 553 1350 586 quam
1366 552 1494 581 servos,
1513 552 1599 574 con-

143 599 250 632 tinuo
275 602 460 634 exclamat
486 601 803 644 praestantissimus
823 600 956 633 Orator
981 610 1012 632 e.
1033 596 1287 632 Timarchum:
1327 600 1430 630 Τοῦτο
1459 597 1601 630 πάντων

145 655 266 698 ἄριστα
283 656 361 698 ἔχει.
412 655 496 688 Non
524 657 623 699 quod
641 655 685 688 de
710 654 897 698 mancipiis
916 653 1091 687 sollicitus
1117 654 1195 685 erat
1222 651 1443 694 Legislator3
1470 652 1507 684 οὐ
1535 654 1600 695 γὰρ

145 710 228 753 ὑπὲρ
255 714 323 743 τῶν
351 711 486 743 οἰκετῶν
512 710 718 743 ἐσπούδασεν
748 712 764 743 ὁ
792 710 984 754 νομοθέτης,
1011 709 1101 741 ἀλλὰ
1117 709 1322 752 βουλόμενος
1339 706 1428 750 ἡμᾶς
1452 707 1599 740 ἐθίσαι

151 766 239 796 πολὺ
256 765 399 807 ἀπέχειν
428 768 490 804 τῆς
506 769 574 798 τῶν
599 766 742 798 meve&
755 778 772 809 ρ
784 779 807 797 ω
819 779 839 798 ν
869 765 1006 807 ὕβρεως,
1026 762 1247 808 προσέγραψε,
1265 761 1339 806 μηδ’
1356 762 1400 801 εἰς
1414 764 1491 800 τοὺς
1508 761 1549 793 ὂο
1561 761 1599 793 ὖ-

143 820 242 858 λους
259 820 416 863 ὑβρίζειν.
467 819 558 853 Inde
576 831 659 853 cum
675 820 757 854 Lex
775 822 851 853 erat
867 819 908 852 de
924 817 1120 852 adulterum
1133 817 1169 850 in
1180 815 1398 862 uxorejusta
1411 814 1600 860 deprehen-

145 884 223 906 sum
238 873 487 919 interficiendffi
511 878 595 909 οὕτω
612 877 735 921 σφόδρα
748 878 765 909 ὁ
783 876 979 920 νομοθέτης,
997 877 1038 907 ut
1053 874 1173 917 Lysiae
1193 873 1311 907 verbis
1328 875 1420 915 utar,
1445 874 1500 905 ἐπὶ
1526 875 1600 911 ταῖς

147 932 312 972 γαμεταῖς
329 932 463 973 γυναιξὶ
480 930 587 964 δίκαια
610 934 718 965 ταῦτα
744 932 897 975 ἡγήσατο
926 928 1023 969 εἶναι,
1049 931 1131 962 ὥστε
1159 931 1213 962 καὶ
1244 930 1297 961 ἐπὶ
1316 930 1391 967 ταῖς
1408 929 1601 966 παλλακαῖς

146 985 220 1021 ταῖς
236 984 417 1024 ἐλάττονος
431 986 539 1024 ἀξίαις
553 987 618 1026 τὴν
641 988 752 1027 αὐτὴν
769 986 864 1026 δίκην
881 984 1029 1024 ἐπέθηκε.
1080 983 1239 1016 Easdem
1266 993 1316 1016 sc.
1342 992 1474 1026 poenas
1500 984 1538 1015 et.
1564 982 1600 1014 in

148 1037 276 1072 Uxoris
289 1042 326 1073 et
342 1040 378 1073 in
396 1039 542 1074 Pellicis
569 1041 702 1083 injuria
730 1039 870 1079 statuit,
897 1041 932 1073 in
951 1041 1104 1082 utraque
1123 1038 1363 1080 gravissimas,
1384 1039 1423 1070 ut
1437 1035 1602 1069 adulterii

147 1094 287 1128 semina
302 1094 570 1138 quodammodo
588 1095 758 1128 radicitus
774 1095 956 1135 evelleret,
983 1092 1201 1138 legitimique
1228 1091 1401 1125 connubii
1422 1091 1506 1135 jura
1523 1102 1604 1124 san-

149 1148 239 1181 ciret
262 1148 370 1182 ctiam
388 1148 552 1182 custodia
568 1148 735 1182 usurarii.
787 1148 916 1192 Neque
934 1148 1077 1180 videtur
1102 1146 1388 1189 sapientissimus
1406 1146 1606 1188 Legislator

146 1201 183 1234 in
207 1213 250 1235 ea
273 1214 394 1246 poenae
421 1203 617 1236 acerbitate
646 1202 746 1235 istius
769 1203 910 1235 Scliolae
933 1200 1186 1234 auctoritatem
1214 1201 1482 1240 commendare,
1521 1211 1604 1244 quae

144 1264 299 1302 peccata,
320 1261 359 1290 ut
376 1265 460 1291 cunt
480 1258 656 1291 Cicerone
670 1258 809 1301 loquar,
826 1259 849 1275 ‘⁴
866 1268 935 1290 non
954 1256 1146 1289 momentis
1164 1266 1279 1288 rerum
1298 1258 1360 1288 aut
1379 1258 1524 1295 eventu,
1542 1255 1605 1288 sed

148 1310 243 1344 vitiis
261 1311 446 1345 hominum
463 1311 646 1353 metitur‚'’
673 1316 710 1344 et
735 1323 819 1356 quae
845 1310 1008 1355 argutius
1026 1320 1133 1354 quam
1154 1309 1273 1342 verius
1291 1308 1491 1348 contendit,
1508 1309 1606 1354 quod

147 1365 172 1381 “
185 1365 363 1410 siquidem
377 1377 529 1410 peccare
544 1371 599 1400 est
615 1367 728 1400 lineas
740 1366 883 1400 virtutis
896 1365 1072 1399 transilire
1085 1375 1092 1401 ;
1119 1374 1229 1408 quam
1244 1365 1349 1407 longe
1366 1365 1607 1408 progrefflare,

148 1430 233 1454 cum
276 1422 385 1455 semel
427 1420 649 1461 transilieris,
687 1421 723 1454 id
763 1422 807 1455 ad
848 1420 1052 1464 augendam
1094 1419 1304 1452 transeundi
1345 1419 1488 1462 culpam
1521 1418 1606 1452 nihil

152 1475 365 1518 pertineat.'‘
590 1515 591 1518 Ἴ

391 1524 415 1540 “
432 1523 511 1556 Nec
528 1523 651 1557 vincet
671 1523 779 1557 Ratio
798 1522 877 1563 1100,
895 1521 1110 1556 tantundem
1131 1523 1175 1555 ut
1193 1522 1324 1565 peccet
1340 1521 1514 1566 idemque

429 1577 505 1617 Qui
522 1580 664 1612 teneros
683 1578 796 1612 caulis
813 1578 919 1611 alieni
935 1577 1118 1620 infregerit
1134 1576 1228 1609 horti

432 1633 482 1666 Et
496 1633 559 1677 qui
576 1635 777 1666 nocturnus
795 1643 894 1666 sacra
911 1632 1048 1666 Divum
1066 1629 1229 1675 legerit.''

156 1695 254 1730 Nam
271 1698 307 1729 et
324 1695 421 1737 alibi,
441 1695 492 1728 uti
509 1696 545 1728 in
560 1706 706 1739 unoque
723 1695 857 1729 delicto
875 1694 1090 1739 supplicium
1107 1694 1439 1727 commensuratum
1453 1702 1530 1725 esse
1549 1703 1610 1725 vo-

154 1750 223 1784 luit
239 1751 336 1790 Solo,
350 1752 458 1794 atque
475 1753 517 1783 ut
535 1750 676 1783 adesset

431 1814 456 1831 “
469 1813 610 1856 Regula
629 1813 798 1857 peccatis,
817 1823 898 1856 quae
913 1822 1042 1855 poenas
1061 1812 1200 1854 inroget
1217 1808 1379 1854 aequas,'’

155 1895 313 1930 namque
330 1884 369 1918 id
386 1884 668 1929 prudentissima
685 1885 870 1918 sanctione
888 1881 1132 1926 legitimisque
1152 1881 1269 1915 verbis
1294 1880 1453 1914 instituit
1469 1891 1477 1914 :
1504 1880 1554 1914 ita
1578 1881 1614 1914 in

154 1940 223 1973 hoc
240 1950 385 1984 quoqne
401 1939 557 1973 criminis
575 1949 718 1982 genere,
735 1941 775 1972 ut
790 1938 947 1982 loquitur
973 1938 1102 1980 Lysias
1117 1948 1125 1971 :
1144 1938 1170 1970 εἴ
1187 1950 1264 1970 τινα
1283 1934 1350 1979 εἶχε
1374 1936 1501 1976 ταύτης
1517 1937 1615 1980 μείζω

157 1996 332 2039 τιμωρίαν,
357 1996 414 2027 ἐπὶ
431 1998 506 2033 ταῖς
520 1997 680 2038 γαμεταῖς
707 1995 864 2035 ἐποίησεν
880 1995 936 2026 ἄν·
964 1995 1028 2026 ’νῦν
1043 1993 1075 2025 δὲ
1092 1994 1156 2035 οὐχ
1173 1989 1242 2030 οἷός
1259 2005 1292 2024 τε
1309 1993 1357 2024 ὢν
1372 1991 1498 2031 ταύτης
1519 1992 1616 2034 ἰσχυ-

157 2050 296 2095 ροτέραν
313 2047 370 2082 ἐπί
383 2051 523 2089 ἐκείναις
537 2051 690 2093 ἐξευρεῖν,
707 2051 772 2090 τὴν
790 2051 901 2089 αὐτὴν
918 2051 971 2081 καὶ
998 2049 1053 2080 ἐπὶ
1077 2051 1152 2086 ταῖς
1177 2048 1371 2086 παλλακαῖς
1395 2048 1511 2087 ἠξίωσε
1528 2048 1617 2089 γίνε-

158 2107 250 2138 σθαι.
276 2103 504 2138 Gravissimis
522 2114 606 2147 ergo
624 2103 746 2148 poenis
763 2103 956 2147 aliquando
974 2102 1109 2137 minora
1128 2102 1264 2136 delicta
1281 2101 1452 2142 coercuit,
1468 2112 1551 2145 quae
1570 2102 1617 2134 ad

159 2158 295 2204 majora
320 2158 511 2192 fenestram
539 2159 803 2203 patefacerent:
831 2157 910 2192 haec
945 2168 1027 2191 vero
1050 2157 1191 2198 iisdem,
1221 2157 1392 2201 quoniam
1415 2155 1619 2189 acerbiores

158 2214 367 2256 excogitare
394 2213 617 2258 nequiverat.
667 2214 789 2246 Draco
803 2214 966 2259 quidem,
996 2213 1060 2257 qui
1078 2213 1250 2256 pleraque
1264 2211 1372 2245 nimis
1390 2221 1514 2244 severe
1531 2221 1617 2243 cen-

159 2269 244 2310 suit,
260 2267 357 2302 inter
381 2268 450 2301 alia
467 2267 589 2302 sanxit
611 2268 648 2301 in
666 2268 710 2301 iis
737 2268 887 2311 legibus,
916 2279 1007 2313 quas
1024 2268 1119 2307 tulit,
1137 2266 1269 2301 Furem
1286 2264 1619 2311 cujusmodicumque

149 2322 252 2368 furti
280 2322 448 2369 supplicio
473 2322 597 2368 capitis
606 2322 819 2367 puniendum
832 2335 913 2358 esse.
963 2323 1056 2357 Gell.
1073 2322 1149 2356 XI.
1170 2324 1225 2355 18.
1270 2322 1403 2354 ‘'An-am
1426 2324 1496 2361 τοῖς
1513 2321 1620 2364 ἁμαρ-

158 2379 309 2419 τάνουσι,
338 2380 420 2423 μίαν
441 2379 579 2422 ζημίαν,
596 2379 744 2414 θάνατόν
774 2379 966 2423 inrogavit,
990 2381 1067 2418 τοὺς
1083 2379 1223 2421 λάχανα
1239 2377 1430 2421 κλέψαντας
1447 2378 1468 2417 ὴ
1484 2377 1620 2420 ὀπώραν

159 2433 280 2477 ὁμοίως
294 2436 365 2472 τοῖς
379 2433 562 2477 ἱεροσύλοις
579 2434 632 2465 καὶ
651 2432 866 2480 άϋδροφὸνοις
883 2435 1117 2477 κολαζόμενος,
1138 2435 1177 2465 ut
1196 2432 1246 2465 ait
1265 2430 1479 2465 Plutarchus
1502 2430 1537 2463 111
1554 2431 1619 2464 So-

163 2487 254 2521 lone.
305 2486 365 2522 Ad
383 2497 491 2531 quam
510 2487 749 2531 severitatem,
781 2500 863 2533 quae
895 2488 1044 2522 modum
1069 2490 1107 2520 et
1129 2487 1395 2530 proportionem
1420 2485 1623 2519 excedebat

162 2551 320 2583 Omnem,
340 2540 591 2584 proculdubio
605 2542 764 2589 ''espexit
784 2544 910 2577 Horat.
932 2546 965 2576 1.
984 2544 1058 2575 Sat.
1078 2541 1152 2575 ΙΙΙ.
1170 2543 1248 2575 115.
1269 2541 1385 2574 verbis
1401 2550 1422 2573 a
1442 2550 1498 2573 me
1515 2540 1623 2573 modo

164 2595 382 2630 memoratis·
432 2596 516 2629 HOC
532 2595 643 2638 igitur
666 2603 703 2634 et
719 2600 888 2644 pleraque
907 2598 979 2631 alia
995 2598 1134 2630 ultimae
1156 2595 1393 2630 immanitatis
1409 2593 1530 2638 capita
1546 2605 1623 2627 sus-

167 2651 250 2684 tulit
272 2651 369 2693 Solo,
397 2654 435 2683 et
461 2651 581 2688 omnia
605 2654 790 2700 impendio
810 2654 974 2687 molliora
991 2652 1163 2690 decrevit,
1180 2654 1218 2685 et
1241 2650 1286 2683 ad
1312 2649 1459 2684 rationis
1473 2649 1624 2692 verique

166 2715 329 2739 normam
358 2706 555 2749 revocavifi·
602 2710 698 2745 Mihi
716 2708 793 2743 haec
810 2708 1069 2743 commentanti
1085 2707 1229 2740 videtur
1251 2704 1397 2738 omnino
1416 2704 1532 2746 potior
1548 2708 1625 2735 esse

168 2759 362 2800 sententia,
379 2759 546 2800 SOlOssefn
565 2776 637 2800 non
654 2765 770 2798 omnis
788 2763 970 2798 Draconis
987 2763 1087 2805 leges
1104 2760 1302 2802 sustulisse,
1330 2760 1372 2791 ut
1389 2757 1538 2802 quidam
1554 2759 1625 2789 tra-

171 2813 308 2854 didere,
333 2825 460 2847 verum
489 2821 714 2856 severitatem
732 2819 810 2862 ejus
838 2830 900 2863 per
928 2817 1050 2851 omnia
1077 2815 1297 2848 exstinxisse
1315 2810 1435 2856 potius
1453 2813 1563 2854 atque
1581 2809 1627 2844 ad

169 2867 356 2900 lenitatem
386 2868 596 2910 inclinssse,
656 2875 782 2909 Multa
820 2872 955 2907 etenim
983 2883 1004 2904 a
1031 2870 1203 2903 Dracone
1229 2867 1385 2911 graviter
1416 2867 1453 2898 et
1479 2864 1630 2899 civiliter

173 2921 370 2955 admodum
387 2922 554 2964 instituta
571 2931 739 2974 legimus,
757 2940 853 2975 quae,
871 2938 993 2963 verum
1010 2927 1101 2961 eitra
1114 2935 1234 2970 poenae
1252 2921 1497 2963 acerbitatem,
1524 2932 1545 2954 a
1561 2920 1631 2956 So-

166 2976 251 3009 lone
269 2975 435 3010 instituta
452 2977 563 3019 fuisse
580 2996 657 3019 una
681 2985 866 3019 discimus.
918 2984 988 3017 Pro
1005 2980 1175 3024 exemplo
1188 2978 1257 3013 erit
1274 2976 1497 3012 Constitutio
1508 2974 1633 3011 Attica

902 3046 923 3071 τ
