<?xml version="1.0" encoding="UTF-8"?>
<!DOCTYPE html PUBLIC "-//W3C//DTD XHTML 1.0 Transitional//EN"
    "http://www.w3.org/TR/xhtml1/DTD/xhtml1-transitional.dtd">
<html xmlns="http://www.w3.org/1999/xhtml" xml:lang="en" lang="en">
 <head>
  <title>
</title>
<meta http-equiv="Content-Type" content="text/html;charset=utf-8" />
  <meta name='ocr-system' content='tesseract 3.04.00' />
  <meta name='ocr-capabilities' content='ocr_page ocr_carea ocr_par ocr_line ocrx_word'/>
</head>
<body>
  <div class='ocr_page' id='page_1' title='image "./oratoresatticie02dobs/oratoresatticie02dobs_0059.png"; bbox 0 0 1819 3219; ppageno 0'>
   <div class='ocr_carea' id='block_1_1' title="bbox 711 194 1591 237">
    <p class='ocr_par' dir='ltr' id='par_1_1' title="bbox 711 194 1591 237">
     <span class='ocr_line' id='line_1_1' title="bbox 711 194 1591 237; baseline 0.001 -1"><span class='ocrx_word' id='word_1_1' title='bbox 711 194 1045 237; x_wconf 82' lang='lat' dir='ltr'><strong>PRAEFATIO.</strong></span> <span class='ocrx_word' id='word_1_2' title='bbox 1545 197 1591 237; x_wconf 86' lang='lat'>17</span> 
     </span>
    </p>
   </div>
   <div class='ocr_carea' id='block_1_2' title="bbox 143 298 1605 3041">
    <p class='ocr_par' dir='ltr' id='par_1_2' title="bbox 145 298 1597 1025">
     <span class='ocr_line' id='line_1_2' title="bbox 149 298 1593 349; baseline 0.001 -13"><span class='ocrx_word' id='word_1_3' title='bbox 149 299 510 349; x_wconf 81' lang='lat' dir='ltr'>Interpretationem</span> <span class='ocrx_word' id='word_1_4' title='bbox 532 298 720 344; x_wconf 76' lang='lat' dir='ltr'>Latinam,</span> <span class='ocrx_word' id='word_1_5' title='bbox 743 304 795 344; x_wconf 87' lang='lat' dir='ltr'>et,</span> <span class='ocrx_word' id='word_1_6' title='bbox 818 299 908 349; x_wconf 89' lang='lat' dir='ltr'>quia</span> <span class='ocrx_word' id='word_1_7' title='bbox 929 299 1089 336; x_wconf 87' lang='lat' dir='ltr'>aliorum</span> <span class='ocrx_word' id='word_1_8' title='bbox 1112 298 1214 335; x_wconf 86' lang='lat' dir='ltr'>olera</span> <span class='ocrx_word' id='word_1_9' title='bbox 1235 300 1330 335; x_wconf 82' lang='lat' dir='ltr'>male</span> <span class='ocrx_word' id='word_1_10' title='bbox 1353 305 1466 338; x_wconf 84' lang='lat' dir='ltr'>cocta</span> <span class='ocrx_word' id='word_1_11' title='bbox 1485 313 1593 338; x_wconf 86' lang='lat' dir='ltr'>reco-</span> 
     </span>
     <span class='ocr_line' id='line_1_3' title="bbox 149 359 1594 411; baseline 0.001 -15"><span class='ocrx_word' id='word_1_12' title='bbox 149 372 265 410; x_wconf 81' lang='lat' dir='ltr'>quere</span> <span class='ocrx_word' id='word_1_13' title='bbox 285 373 415 411; x_wconf 87' lang='lat' dir='ltr'>operae</span> <span class='ocrx_word' id='word_1_14' title='bbox 439 361 578 399; x_wconf 86' lang='lat' dir='ltr'>fuisset</span> <span class='ocrx_word' id='word_1_15' title='bbox 604 359 892 406; x_wconf 78' lang='lat' dir='ltr'>inficetissimae,</span> <span class='ocrx_word' id='word_1_16' title='bbox 921 360 1023 398; x_wconf 91' lang='lat' dir='ltr'>omni</span> <span class='ocrx_word' id='word_1_17' title='bbox 1054 373 1100 397; x_wconf 90' lang='lat' dir='ltr'>ex</span> <span class='ocrx_word' id='word_1_18' title='bbox 1123 365 1231 410; x_wconf 89' lang='lat' dir='ltr'>parte</span> <span class='ocrx_word' id='word_1_19' title='bbox 1260 372 1408 398; x_wconf 84' lang='lat' dir='ltr'>novam.</span> <span class='ocrx_word' id='word_1_20' title='bbox 1467 362 1594 405; x_wconf 83' lang='lat' dir='ltr'>Quam</span> 
     </span>
     <span class='ocr_line' id='line_1_4' title="bbox 147 420 1593 473; baseline 0 -15"><span class='ocrx_word' id='word_1_21' title='bbox 147 421 384 471; x_wconf 87' lang='lat' dir='ltr'>provinciam</span> <span class='ocrx_word' id='word_1_22' title='bbox 415 423 519 473; x_wconf 87' lang='lat' dir='ltr'>quali</span> <span class='ocrx_word' id='word_1_23' title='bbox 547 422 660 461; x_wconf 90' lang='lat' dir='ltr'>laude</span> <span class='ocrx_word' id='word_1_24' title='bbox 689 423 884 473; x_wconf 86' lang='lat' dir='ltr'><strong>gesserim,</strong></span> <span class='ocrx_word' id='word_1_25' title='bbox 914 421 967 468; x_wconf 86' lang='lat' dir='ltr'>id,</span> <span class='ocrx_word' id='word_1_26' title='bbox 997 421 1149 460; x_wconf 88' lang='lat' dir='ltr'>etiamsi</span> <span class='ocrx_word' id='word_1_27' title='bbox 1178 420 1218 458; x_wconf 92' lang='lat' dir='ltr'>id</span> <span class='ocrx_word' id='word_1_28' title='bbox 1248 421 1409 459; x_wconf 83' lang='lat' dir='ltr'>maxime</span> <span class='ocrx_word' id='word_1_29' title='bbox 1437 423 1593 467; x_wconf 86' lang='lat' dir='ltr'>nollem,</span> 
     </span>
     <span class='ocr_line' id='line_1_5' title="bbox 147 482 1593 534; baseline 0.001 -16"><span class='ocrx_word' id='word_1_30' title='bbox 147 482 309 520; x_wconf 90' lang='lat' dir='ltr'>aliorum</span> <span class='ocrx_word' id='word_1_31' title='bbox 323 482 405 531; x_wconf 90' lang='lat' dir='ltr'>jam</span> <span class='ocrx_word' id='word_1_32' title='bbox 426 484 596 522; x_wconf 87' lang='lat' dir='ltr'>futurum</span> <span class='ocrx_word' id='word_1_33' title='bbox 617 483 895 533; x_wconf 86' lang='lat' dir='ltr'>estjudicium.</span> <span class='ocrx_word' id='word_1_34' title='bbox 944 484 998 521; x_wconf 87' lang='lat' dir='ltr'>At</span> <span class='ocrx_word' id='word_1_35' title='bbox 1017 483 1238 534; x_wconf 88' lang='lat' dir='ltr'>priusquam</span> <span class='ocrx_word' id='word_1_36' title='bbox 1259 482 1308 520; x_wconf 89' lang='lat' dir='ltr'>de</span> <span class='ocrx_word' id='word_1_37' title='bbox 1330 496 1387 520; x_wconf 89' lang='lat' dir='ltr'>me</span> <span class='ocrx_word' id='word_1_38' title='bbox 1405 483 1593 520; x_wconf 88' lang='lat' dir='ltr'>calculum</span> 
     </span>
     <span class='ocr_line' id='line_1_6' title="bbox 147 543 1596 595; baseline 0 -15"><span class='ocrx_word' id='word_1_39' title='bbox 147 543 246 582; x_wconf 85' lang='lat' dir='ltr'>ferat</span> <span class='ocrx_word' id='word_1_40' title='bbox 262 544 481 595; x_wconf 89' lang='lat' dir='ltr'>quisquam,</span> <span class='ocrx_word' id='word_1_41' title='bbox 500 545 736 595; x_wconf 86' lang='lat' dir='ltr'>experiendo</span> <span class='ocrx_word' id='word_1_42' title='bbox 753 545 848 582; x_wconf 88' lang='lat' dir='ltr'>sciat</span> <span class='ocrx_word' id='word_1_43' title='bbox 865 544 989 590; x_wconf 88' lang='lat' dir='ltr'>velim,</span> <span class='ocrx_word' id='word_1_44' title='bbox 1013 557 1126 594; x_wconf 86' lang='lat' dir='ltr'>quam</span> <span class='ocrx_word' id='word_1_45' title='bbox 1148 556 1354 594; x_wconf 87' lang='lat' dir='ltr'>operosum</span> <span class='ocrx_word' id='word_1_46' title='bbox 1371 544 1433 591; x_wconf 87' lang='lat' dir='ltr'>sit,</span> <span class='ocrx_word' id='word_1_47' title='bbox 1453 551 1596 594; x_wconf 80' lang='lat' dir='ltr'>quanta</span> 
     </span>
     <span class='ocr_line' id='line_1_7' title="bbox 146 605 1594 657; baseline 0 -15"><span class='ocrx_word' id='word_1_48' title='bbox 146 605 402 644; x_wconf 87' lang='lat' dir='ltr'>sollicitudine</span> <span class='ocrx_word' id='word_1_49' title='bbox 429 607 598 656; x_wconf 88' lang='lat' dir='ltr'>plenum,</span> <span class='ocrx_word' id='word_1_50' title='bbox 622 620 709 657; x_wconf 81' lang='lat' dir='ltr'>quoe</span> <span class='ocrx_word' id='word_1_51' title='bbox 730 608 926 657; x_wconf 82' lang='lat' dir='ltr'>eleganter</span> <span class='ocrx_word' id='word_1_52' title='bbox 946 608 1086 644; x_wconf 82' lang='lat' dir='ltr'>Graece</span> <span class='ocrx_word' id='word_1_53' title='bbox 1106 606 1302 652; x_wconf 87' lang='lat' dir='ltr'>(licuntur,</span> <span class='ocrx_word' id='word_1_54' title='bbox 1332 606 1429 643; x_wconf 87' lang='lat' dir='ltr'>bene</span> <span class='ocrx_word' id='word_1_55' title='bbox 1458 606 1594 643; x_wconf 86' lang='lat' dir='ltr'>Latina</span> 
     </span>
     <span class='ocr_line' id='line_1_8' title="bbox 147 666 1595 717; baseline 0 -14"><span class='ocrx_word' id='word_1_56' title='bbox 147 673 312 711; x_wconf 86' lang='lat' dir='ltr'>vertere;</span> <span class='ocrx_word' id='word_1_57' title='bbox 343 680 386 705; x_wconf 84' lang='lat' dir='ltr'>ea</span> <span class='ocrx_word' id='word_1_58' title='bbox 408 666 485 706; x_wconf 84' lang='lat' dir='ltr'>fide</span> <span class='ocrx_word' id='word_1_59' title='bbox 507 669 664 706; x_wconf 90' lang='lat' dir='ltr'>verbum</span> <span class='ocrx_word' id='word_1_60' title='bbox 687 669 805 706; x_wconf 89' lang='lat' dir='ltr'>verbo</span> <span class='ocrx_word' id='word_1_61' title='bbox 832 681 1093 714; x_wconf 80' lang='lat' dir='ltr'>annumerare,</span> <span class='ocrx_word' id='word_1_62' title='bbox 1117 674 1157 705; x_wconf 87' lang='lat' dir='ltr'>ut</span> <span class='ocrx_word' id='word_1_63' title='bbox 1186 667 1326 717; x_wconf 89' lang='lat' dir='ltr'>aliquis</span> <span class='ocrx_word' id='word_1_64' title='bbox 1352 681 1398 704; x_wconf 89' lang='lat' dir='ltr'>ue</span> <span class='ocrx_word' id='word_1_65' title='bbox 1429 667 1595 704; x_wconf 76' lang='lat' dir='ltr'>decedat</span> 
     </span>
     <span class='ocr_line' id='line_1_9' title="bbox 147 728 1595 780; baseline -0.001 -14"><span class='ocrx_word' id='word_1_66' title='bbox 147 728 276 773; x_wconf 83' lang='lat' dir='ltr'>color3</span> <span class='ocrx_word' id='word_1_67' title='bbox 304 741 349 766; x_wconf 87' lang='lat' dir='ltr'>ea</span> <span class='ocrx_word' id='word_1_68' title='bbox 369 735 567 768; x_wconf 87' lang='lat' dir='ltr'>venustate</span> <span class='ocrx_word' id='word_1_69' title='bbox 589 743 654 767; x_wconf 89' lang='lat' dir='ltr'>ora</span> <span class='ocrx_word' id='word_1_70' title='bbox 675 730 859 768; x_wconf 84' lang='lat' dir='ltr'>Auctoris</span> <span class='ocrx_word' id='word_1_71' title='bbox 888 729 1083 780; x_wconf 92' lang='lat' dir='ltr'>effingere,</span> <span class='ocrx_word' id='word_1_72' title='bbox 1112 735 1154 766; x_wconf 90' lang='lat' dir='ltr'>ut</span> <span class='ocrx_word' id='word_1_73' title='bbox 1184 729 1379 778; x_wconf 87' lang='lat' dir='ltr'>Interpres</span> <span class='ocrx_word' id='word_1_74' title='bbox 1408 742 1490 766; x_wconf 83' lang='lat' dir='ltr'>csse</span> <span class='ocrx_word' id='word_1_75' title='bbox 1520 741 1595 765; x_wconf 90' lang='lat' dir='ltr'>non</span> 
     </span>
     <span class='ocr_line' id='line_1_10' title="bbox 147 788 1594 842; baseline 0 -16"><span class='ocrx_word' id='word_1_76' title='bbox 147 788 323 835; x_wconf 88' lang='lat' dir='ltr'>desinas;</span> <span class='ocrx_word' id='word_1_77' title='bbox 354 789 574 841; x_wconf 81' lang='lat' dir='ltr'>religionem</span> <span class='ocrx_word' id='word_1_78' title='bbox 605 791 774 842; x_wconf 82' lang='lat' dir='ltr'>(lenique</span> <span class='ocrx_word' id='word_1_79' title='bbox 811 797 1025 842; x_wconf 86' lang='lat' dir='ltr'>temperare</span> <span class='ocrx_word' id='word_1_80' title='bbox 1054 804 1139 829; x_wconf 88' lang='lat' dir='ltr'>cum</span> <span class='ocrx_word' id='word_1_81' title='bbox 1169 791 1371 841; x_wconf 80' lang='lat' dir='ltr'>elegantia.</span> <span class='ocrx_word' id='word_1_82' title='bbox 1429 789 1474 827; x_wconf 90' lang='lat' dir='ltr'>Id</span> <span class='ocrx_word' id='word_1_83' title='bbox 1496 789 1594 827; x_wconf 90' lang='lat' dir='ltr'>enim</span> 
     </span>
     <span class='ocr_line' id='line_1_11' title="bbox 146 851 1596 904; baseline 0 -16"><span class='ocrx_word' id='word_1_84' title='bbox 146 851 265 897; x_wconf 89' lang='lat' dir='ltr'>volui,</span> <span class='ocrx_word' id='word_1_85' title='bbox 288 858 327 890; x_wconf 89' lang='lat' dir='ltr'>et</span> <span class='ocrx_word' id='word_1_86' title='bbox 352 852 383 889; x_wconf 89' lang='lat' dir='ltr'>si</span> <span class='ocrx_word' id='word_1_87' title='bbox 405 853 527 891; x_wconf 90' lang='lat' dir='ltr'>minus</span> <span class='ocrx_word' id='word_1_88' title='bbox 548 860 748 892; x_wconf 89' lang='lat' dir='ltr'>assecutus</span> <span class='ocrx_word' id='word_1_89' title='bbox 769 853 891 904; x_wconf 79' lang='lat' dir='ltr'>fuero,</span> <span class='ocrx_word' id='word_1_90' title='bbox 913 852 1067 890; x_wconf 86' lang='lat' dir='ltr'>tametsi</span> <span class='ocrx_word' id='word_1_91' title='bbox 1096 853 1133 889; x_wconf 91' lang='lat' dir='ltr'>in</span> <span class='ocrx_word' id='word_1_92' title='bbox 1163 852 1304 902; x_wconf 90' lang='lat' dir='ltr'>ingenii</span> <span class='ocrx_word' id='word_1_93' title='bbox 1325 852 1445 889; x_wconf 88' lang='lat' dir='ltr'>nostri</span> <span class='ocrx_word' id='word_1_94' title='bbox 1475 851 1596 888; x_wconf 87' lang='lat' dir='ltr'>imbe-</span> 
     </span>
     <span class='ocr_line' id='line_1_12' title="bbox 145 912 1597 962; baseline 0 -13"><span class='ocrx_word' id='word_1_95' title='bbox 145 912 302 951; x_wconf 86' lang='lat' dir='ltr'>cillitate</span> <span class='ocrx_word' id='word_1_96' title='bbox 322 913 510 959; x_wconf 89' lang='lat' dir='ltr'>nonnihil,</span> <span class='ocrx_word' id='word_1_97' title='bbox 530 914 606 952; x_wconf 90' lang='lat' dir='ltr'>imo</span> <span class='ocrx_word' id='word_1_98' title='bbox 628 914 832 952; x_wconf 86' lang='lat' dir='ltr'>maximum</span> <span class='ocrx_word' id='word_1_99' title='bbox 854 915 975 952; x_wconf 89' lang='lat' dir='ltr'>inesse</span> <span class='ocrx_word' id='word_1_100' title='bbox 995 912 1217 959; x_wconf 83' lang='lat' dir='ltr'>confiterer,</span> <span class='ocrx_word' id='word_1_101' title='bbox 1238 913 1384 962; x_wconf 89' lang='lat' dir='ltr'>aliquid</span> <span class='ocrx_word' id='word_1_102' title='bbox 1408 919 1532 951; x_wconf 74' lang='lat' dir='ltr'>tamen</span> <span class='ocrx_word' id='word_1_103' title='bbox 1558 912 1597 949; x_wconf 92' lang='lat' dir='ltr'>in</span> 
     </span>
     <span class='ocr_line' id='line_1_13' title="bbox 146 973 986 1025; baseline 0.002 -15"><span class='ocrx_word' id='word_1_104' title='bbox 146 973 200 1011; x_wconf 87' lang='lat' dir='ltr'>rei</span> <span class='ocrx_word' id='word_1_105' title='bbox 221 974 344 1025; x_wconf 85' lang='lat' dir='ltr'>ipsius</span> <span class='ocrx_word' id='word_1_106' title='bbox 365 974 592 1014; x_wconf 87' lang='lat' dir='ltr'>difficultate</span> <span class='ocrx_word' id='word_1_107' title='bbox 611 982 787 1013; x_wconf 86' lang='lat' dir='ltr'>constare</span> <span class='ocrx_word' id='word_1_108' title='bbox 808 976 986 1013; x_wconf 83' lang='lat' dir='ltr'>arbitror.</span> 
     </span>
    </p>

    <p class='ocr_par' dir='ltr' id='par_1_3' title="bbox 143 1034 1602 2368">
     <span class='ocr_line' id='line_1_14' title="bbox 201 1034 1596 1086; baseline 0.001 -15"><span class='ocrx_word' id='word_1_109' title='bbox 201 1034 245 1071; x_wconf 90' lang='lat' dir='ltr'>In</span> <span class='ocrx_word' id='word_1_110' title='bbox 269 1035 396 1083; x_wconf 88' lang='lat' dir='ltr'>Notis,</span> <span class='ocrx_word' id='word_1_111' title='bbox 417 1049 513 1086; x_wconf 81' lang='lat' dir='ltr'>quas</span> <span class='ocrx_word' id='word_1_112' title='bbox 541 1036 590 1074; x_wconf 90' lang='lat' dir='ltr'>ad</span> <span class='ocrx_word' id='word_1_113' title='bbox 618 1042 765 1074; x_wconf 87' lang='lat' dir='ltr'>textum</span> <span class='ocrx_word' id='word_1_114' title='bbox 795 1036 1072 1074; x_wconf 86' lang='lat' dir='ltr'>recensendum</span> <span class='ocrx_word' id='word_1_115' title='bbox 1097 1036 1256 1073; x_wconf 80' lang='lat' dir='ltr'>adhibui</span> <span class='ocrx_word' id='word_1_116' title='bbox 1278 1042 1396 1086; x_wconf 89' lang='lat' dir='ltr'>atque</span> <span class='ocrx_word' id='word_1_117' title='bbox 1419 1036 1506 1073; x_wconf 89' lang='lat' dir='ltr'>imae</span> <span class='ocrx_word' id='word_1_118' title='bbox 1526 1049 1596 1086; x_wconf 88' lang='lat' dir='ltr'>pa-</span> 
     </span>
     <span class='ocr_line' id='line_1_15' title="bbox 147 1095 1599 1148; baseline 0.002 -15"><span class='ocrx_word' id='word_1_119' title='bbox 147 1095 246 1145; x_wconf 86' lang='lat' dir='ltr'>giuae</span> <span class='ocrx_word' id='word_1_120' title='bbox 275 1096 440 1146; x_wconf 87' lang='lat' dir='ltr'>subjeci,</span> <span class='ocrx_word' id='word_1_121' title='bbox 472 1098 640 1135; x_wconf 84' lang='lat' dir='ltr'>minimae</span> <span class='ocrx_word' id='word_1_122' title='bbox 665 1098 725 1136; x_wconf 91' lang='lat' dir='ltr'>vel</span> <span class='ocrx_word' id='word_1_123' title='bbox 751 1111 881 1148; x_wconf 79' lang='lat' dir='ltr'>operae</span> <span class='ocrx_word' id='word_1_124' title='bbox 909 1098 969 1136; x_wconf 90' lang='lat' dir='ltr'>vel</span> <span class='ocrx_word' id='word_1_125' title='bbox 994 1097 1120 1135; x_wconf 88' lang='lat' dir='ltr'>laudis</span> <span class='ocrx_word' id='word_1_126' title='bbox 1141 1098 1359 1135; x_wconf 86' lang='lat' dir='ltr'>arbitrabar</span> <span class='ocrx_word' id='word_1_127' title='bbox 1378 1097 1474 1142; x_wconf 89' lang='lat' dir='ltr'>fore,</span> <span class='ocrx_word' id='word_1_128' title='bbox 1496 1098 1526 1135; x_wconf 90' lang='lat' dir='ltr'>si</span> <span class='ocrx_word' id='word_1_129' title='bbox 1547 1098 1599 1136; x_wconf 87' lang='lat' dir='ltr'>le—</span> 
     </span>
     <span class='ocr_line' id='line_1_16' title="bbox 148 1158 1599 1209; baseline 0 -13"><span class='ocrx_word' id='word_1_130' title='bbox 148 1158 294 1197; x_wconf 91' lang='lat' dir='ltr'>ctiones</span> <span class='ocrx_word' id='word_1_131' title='bbox 310 1160 554 1198; x_wconf 90' lang='lat' dir='ltr'>solummodo</span> <span class='ocrx_word' id='word_1_132' title='bbox 569 1160 771 1205; x_wconf 85' lang='lat' dir='ltr'>variantes,</span> <span class='ocrx_word' id='word_1_133' title='bbox 792 1173 938 1198; x_wconf 85' lang='lat' dir='ltr'>summa</span> <span class='ocrx_word' id='word_1_134' title='bbox 957 1161 1049 1198; x_wconf 89' lang='lat' dir='ltr'>licet</span> <span class='ocrx_word' id='word_1_135' title='bbox 1064 1172 1152 1197; x_wconf 88' lang='lat' dir='ltr'>cum</span> <span class='ocrx_word' id='word_1_136' title='bbox 1169 1158 1244 1196; x_wconf 88' lang='lat' dir='ltr'>fide</span> <span class='ocrx_word' id='word_1_137' title='bbox 1259 1167 1323 1209; x_wconf 84' lang='lat' dir='ltr'>atq</span> <span class='ocrx_word' id='word_1_138' title='bbox 1331 1172 1376 1196; x_wconf 89' lang='lat' dir='ltr'>ue</span> <span class='ocrx_word' id='word_1_139' title='bbox 1394 1158 1599 1197; x_wconf 85' lang='lat' dir='ltr'>sedulitate</span> 
     </span>
     <span class='ocr_line' id='line_1_17' title="bbox 146 1220 1596 1273; baseline -0.002 -13"><span class='ocrx_word' id='word_1_140' title='bbox 146 1222 445 1273; x_wconf 84' lang='lat' dir='ltr'>descripsissem.</span> <span class='ocrx_word' id='word_1_141' title='bbox 502 1222 683 1261; x_wconf 87' lang='lat' dir='ltr'>Vicissim</span> <span class='ocrx_word' id='word_1_142' title='bbox 714 1222 907 1260; x_wconf 86' lang='lat' dir='ltr'>temerarii</span> <span class='ocrx_word' id='word_1_143' title='bbox 937 1221 1079 1272; x_wconf 87' lang='lat' dir='ltr'>ingenii</span> <span class='ocrx_word' id='word_1_144' title='bbox 1109 1234 1260 1271; x_wconf 87' lang='lat' dir='ltr'>semper</span> <span class='ocrx_word' id='word_1_145' title='bbox 1292 1234 1374 1259; x_wconf 86' lang='lat' dir='ltr'>esse</span> <span class='ocrx_word' id='word_1_146' title='bbox 1402 1220 1596 1270; x_wconf 85' lang='lat' dir='ltr'>judicavi,</span> 
     </span>
     <span class='ocr_line' id='line_1_18' title="bbox 146 1283 1598 1335; baseline -0.001 -14"><span class='ocrx_word' id='word_1_147' title='bbox 146 1296 210 1322; x_wconf 87' lang='lat' dir='ltr'>eas</span> <span class='ocrx_word' id='word_1_148' title='bbox 239 1289 386 1322; x_wconf 81' lang='lat' dir='ltr'>tantum</span> <span class='ocrx_word' id='word_1_149' title='bbox 408 1285 619 1323; x_wconf 89' lang='lat' dir='ltr'>lectionum</span> <span class='ocrx_word' id='word_1_150' title='bbox 639 1285 921 1335; x_wconf 84' lang='lat' dir='ltr'>discrepantias</span> <span class='ocrx_word' id='word_1_151' title='bbox 940 1297 1161 1334; x_wconf 85' lang='lat' dir='ltr'>excerpere,</span> <span class='ocrx_word' id='word_1_152' title='bbox 1184 1297 1270 1334; x_wconf 85' lang='lat' dir='ltr'>quae</span> <span class='ocrx_word' id='word_1_153' title='bbox 1290 1283 1421 1321; x_wconf 88' lang='lat' dir='ltr'>edenti</span> <span class='ocrx_word' id='word_1_154' title='bbox 1446 1283 1598 1320; x_wconf 89' lang='lat' dir='ltr'>notabi-</span> 
     </span>
     <span class='ocr_line' id='line_1_19' title="bbox 143 1345 1598 1394; baseline -0.001 -12"><span class='ocrx_word' id='word_1_155' title='bbox 143 1345 257 1383; x_wconf 85' lang='lat' dir='ltr'>liores</span> <span class='ocrx_word' id='word_1_156' title='bbox 289 1359 371 1384; x_wconf 87' lang='lat' dir='ltr'>esse</span> <span class='ocrx_word' id='word_1_157' title='bbox 397 1346 629 1385; x_wconf 86' lang='lat' dir='ltr'>viderentur.</span> <span class='ocrx_word' id='word_1_158' title='bbox 686 1346 800 1385; x_wconf 86' lang='lat' dir='ltr'>Unde</span> <span class='ocrx_word' id='word_1_159' title='bbox 829 1347 980 1385; x_wconf 88' lang='lat' dir='ltr'>evenire</span> <span class='ocrx_word' id='word_1_160' title='bbox 1011 1347 1123 1392; x_wconf 92' lang='lat' dir='ltr'>solet,</span> <span class='ocrx_word' id='word_1_161' title='bbox 1152 1352 1195 1384; x_wconf 89' lang='lat' dir='ltr'>ut</span> <span class='ocrx_word' id='word_1_162' title='bbox 1224 1346 1283 1382; x_wconf 84' lang='lat' dir='ltr'>vel</span> <span class='ocrx_word' id='word_1_163' title='bbox 1312 1359 1359 1382; x_wconf 86' lang='lat' dir='ltr'>ex</span> <span class='ocrx_word' id='word_1_164' title='bbox 1389 1345 1460 1382; x_wconf 89' lang='lat' dir='ltr'>hac</span> <span class='ocrx_word' id='word_1_165' title='bbox 1489 1350 1598 1394; x_wconf 86' lang='lat' dir='ltr'>parte</span> 
     </span>
     <span class='ocr_line' id='line_1_20' title="bbox 144 1405 1598 1459; baseline -0.002 -14"><span class='ocrx_word' id='word_1_166' title='bbox 144 1406 398 1446; x_wconf 84' lang='lat' dir='ltr'>defraudetur</span> <span class='ocrx_word' id='word_1_167' title='bbox 430 1407 643 1459; x_wconf 86' lang='lat' dir='ltr'>aliquando</span> <span class='ocrx_word' id='word_1_168' title='bbox 673 1408 866 1459; x_wconf 85' lang='lat' dir='ltr'>ingenium</span> <span class='ocrx_word' id='word_1_169' title='bbox 896 1408 1070 1459; x_wconf 82' lang='lat' dir='ltr'>legentis,</span> <span class='ocrx_word' id='word_1_170' title='bbox 1101 1409 1167 1458; x_wconf 90' lang='lat' dir='ltr'>qui</span> <span class='ocrx_word' id='word_1_171' title='bbox 1200 1420 1246 1444; x_wconf 87' lang='lat' dir='ltr'>ex</span> <span class='ocrx_word' id='word_1_172' title='bbox 1276 1406 1442 1457; x_wconf 88' lang='lat' dir='ltr'>parvulis</span> <span class='ocrx_word' id='word_1_173' title='bbox 1470 1405 1598 1443; x_wconf 90' lang='lat' dir='ltr'>istius-</span> 
     </span>
     <span class='ocr_line' id='line_1_21' title="bbox 145 1467 1600 1521; baseline -0.001 -16"><span class='ocrx_word' id='word_1_174' title='bbox 145 1468 249 1506; x_wconf 88' lang='lat' dir='ltr'>modi</span> <span class='ocrx_word' id='word_1_175' title='bbox 270 1469 487 1508; x_wconf 87' lang='lat' dir='ltr'>scintillulis</span> <span class='ocrx_word' id='word_1_176' title='bbox 507 1470 632 1508; x_wconf 91' lang='lat' dir='ltr'>lucem</span> <span class='ocrx_word' id='word_1_177' title='bbox 652 1469 829 1508; x_wconf 85' lang='lat' dir='ltr'>foenerari</span> <span class='ocrx_word' id='word_1_178' title='bbox 850 1470 1067 1521; x_wconf 87' lang='lat' dir='ltr'>potuisset;</span> <span class='ocrx_word' id='word_1_179' title='bbox 1100 1470 1158 1507; x_wconf 88' lang='lat' dir='ltr'>vel</span> <span class='ocrx_word' id='word_1_180' title='bbox 1178 1483 1224 1506; x_wconf 87' lang='lat' dir='ltr'>ex</span> <span class='ocrx_word' id='word_1_181' title='bbox 1245 1468 1307 1506; x_wconf 90' lang='lat' dir='ltr'>illa</span> <span class='ocrx_word' id='word_1_182' title='bbox 1329 1480 1478 1505; x_wconf 88' lang='lat' dir='ltr'>summa</span> <span class='ocrx_word' id='word_1_183' title='bbox 1498 1467 1600 1504; x_wconf 87' lang='lat' dir='ltr'>oria-</span> 
     </span>
     <span class='ocr_line' id='line_1_22' title="bbox 144 1527 1601 1582; baseline -0.001 -15"><span class='ocrx_word' id='word_1_184' title='bbox 144 1535 207 1568; x_wconf 88' lang='lat' dir='ltr'>tur</span> <span class='ocrx_word' id='word_1_185' title='bbox 236 1530 392 1569; x_wconf 80' lang='lat' dir='ltr'>ariditas</span> <span class='ocrx_word' id='word_1_186' title='bbox 420 1538 460 1569; x_wconf 89' lang='lat' dir='ltr'>et</span> <span class='ocrx_word' id='word_1_187' title='bbox 488 1531 641 1582; x_wconf 88' lang='lat' dir='ltr'>legendi</span> <span class='ocrx_word' id='word_1_188' title='bbox 669 1531 881 1570; x_wconf 82' lang='lat' dir='ltr'>fastidium.</span> <span class='ocrx_word' id='word_1_189' title='bbox 938 1532 1059 1569; x_wconf 88' lang='lat' dir='ltr'>Porro</span> <span class='ocrx_word' id='word_1_190' title='bbox 1088 1531 1154 1568; x_wconf 94' lang='lat' dir='ltr'>ubi</span> <span class='ocrx_word' id='word_1_191' title='bbox 1186 1530 1321 1580; x_wconf 84' lang='lat' dir='ltr'>scripti</span> <span class='ocrx_word' id='word_1_192' title='bbox 1351 1529 1481 1567; x_wconf 86' lang='lat' dir='ltr'>Codd.</span> <span class='ocrx_word' id='word_1_193' title='bbox 1506 1527 1601 1565; x_wconf 88' lang='lat' dir='ltr'>nihil</span> 
     </span>
     <span class='ocr_line' id='line_1_23' title="bbox 148 1590 1600 1643; baseline -0.002 -15"><span class='ocrx_word' id='word_1_194' title='bbox 148 1591 360 1642; x_wconf 84' lang='lat' dir='ltr'>quidquam</span> <span class='ocrx_word' id='word_1_195' title='bbox 383 1593 646 1643; x_wconf 82' lang='lat' dir='ltr'>suppetiarum</span> <span class='ocrx_word' id='word_1_196' title='bbox 675 1593 797 1631; x_wconf 89' lang='lat' dir='ltr'>tulere</span> <span class='ocrx_word' id='word_1_197' title='bbox 823 1593 946 1643; x_wconf 91' lang='lat' dir='ltr'>(quod</span> <span class='ocrx_word' id='word_1_198' title='bbox 977 1593 1014 1630; x_wconf 91' lang='lat' dir='ltr'>in</span> <span class='ocrx_word' id='word_1_199' title='bbox 1046 1592 1219 1643; x_wconf 88' lang='lat' dir='ltr'>plurimis</span> <span class='ocrx_word' id='word_1_200' title='bbox 1249 1590 1468 1641; x_wconf 85' lang='lat' dir='ltr'>depravatis</span> <span class='ocrx_word' id='word_1_201' title='bbox 1503 1590 1600 1627; x_wconf 88' lang='lat' dir='ltr'>locis</span> 
     </span>
     <span class='ocr_line' id='line_1_24' title="bbox 147 1652 1601 1705; baseline -0.001 -16"><span class='ocrx_word' id='word_1_202' title='bbox 147 1652 325 1702; x_wconf 87' lang='lat' dir='ltr'>contigit)</span> <span class='ocrx_word' id='word_1_203' title='bbox 352 1659 390 1690; x_wconf 89' lang='lat' dir='ltr'>et</span> <span class='ocrx_word' id='word_1_204' title='bbox 419 1653 632 1691; x_wconf 85' lang='lat' dir='ltr'>divinando</span> <span class='ocrx_word' id='word_1_205' title='bbox 661 1667 719 1691; x_wconf 88' lang='lat' dir='ltr'>res</span> <span class='ocrx_word' id='word_1_206' title='bbox 750 1661 832 1692; x_wconf 89' lang='lat' dir='ltr'>erat</span> <span class='ocrx_word' id='word_1_207' title='bbox 857 1654 1020 1705; x_wconf 86' lang='lat' dir='ltr'>agenda,</span> <span class='ocrx_word' id='word_1_208' title='bbox 1045 1667 1132 1692; x_wconf 88' lang='lat' dir='ltr'>eum</span> <span class='ocrx_word' id='word_1_209' title='bbox 1155 1654 1311 1691; x_wconf 86' lang='lat' dir='ltr'>modum</span> <span class='ocrx_word' id='word_1_210' title='bbox 1333 1653 1425 1690; x_wconf 87' lang='lat' dir='ltr'>mihi</span> <span class='ocrx_word' id='word_1_211' title='bbox 1449 1665 1601 1690; x_wconf 86' lang='lat' dir='ltr'>servan-</span> 
     </span>
     <span class='ocr_line' id='line_1_25' title="bbox 147 1714 1602 1766; baseline -0.002 -13"><span class='ocrx_word' id='word_1_212' title='bbox 147 1715 238 1753; x_wconf 90' lang='lat' dir='ltr'>dum</span> <span class='ocrx_word' id='word_1_213' title='bbox 258 1728 341 1753; x_wconf 89' lang='lat' dir='ltr'>esse</span> <span class='ocrx_word' id='word_1_214' title='bbox 362 1715 471 1761; x_wconf 88' lang='lat' dir='ltr'>duxi,</span> <span class='ocrx_word' id='word_1_215' title='bbox 496 1728 608 1766; x_wconf 89' lang='lat' dir='ltr'>quem</span> <span class='ocrx_word' id='word_1_216' title='bbox 626 1716 676 1752; x_wconf 89' lang='lat' dir='ltr'>ab</span> <span class='ocrx_word' id='word_1_217' title='bbox 693 1715 846 1753; x_wconf 88' lang='lat' dir='ltr'>homine</span> <span class='ocrx_word' id='word_1_218' title='bbox 862 1728 977 1760; x_wconf 76' lang='lat' dir='ltr'>novo,</span> <span class='ocrx_word' id='word_1_219' title='bbox 999 1715 1165 1752; x_wconf 82' lang='lat' dir='ltr'>minimae</span> <span class='ocrx_word' id='word_1_220' title='bbox 1186 1721 1253 1752; x_wconf 88' lang='lat' dir='ltr'>aut</span> <span class='ocrx_word' id='word_1_221' title='bbox 1273 1714 1512 1753; x_wconf 86' lang='lat' dir='ltr'>celebritatis</span> <span class='ocrx_word' id='word_1_222' title='bbox 1533 1720 1602 1751; x_wconf 82' lang='lat' dir='ltr'>aut</span> 
     </span>
     <span class='ocr_line' id='line_1_26' title="bbox 145 1775 1602 1826; baseline -0.001 -12"><span class='ocrx_word' id='word_1_223' title='bbox 145 1776 444 1826; x_wconf 85' lang='lat' dir='ltr'>exspectationis</span> <span class='ocrx_word' id='word_1_224' title='bbox 478 1775 618 1814; x_wconf 89' lang='lat' dir='ltr'>servari</span> <span class='ocrx_word' id='word_1_225' title='bbox 648 1776 704 1813; x_wconf 87' lang='lat' dir='ltr'>fas</span> <span class='ocrx_word' id='word_1_226' title='bbox 734 1782 829 1814; x_wconf 89' lang='lat' dir='ltr'>erat.</span> <span class='ocrx_word' id='word_1_227' title='bbox 902 1776 1055 1813; x_wconf 90' lang='lat' dir='ltr'>Deinde</span> <span class='ocrx_word' id='word_1_228' title='bbox 1085 1783 1214 1814; x_wconf 85' lang='lat' dir='ltr'>autem</span> <span class='ocrx_word' id='word_1_229' title='bbox 1244 1776 1447 1826; x_wconf 88' lang='lat' dir='ltr'>aliquoties</span> <span class='ocrx_word' id='word_1_230' title='bbox 1476 1775 1602 1813; x_wconf 88' lang='lat' dir='ltr'>addu-</span> 
     </span>
     <span class='ocr_line' id='line_1_27' title="bbox 145 1835 1600 1886; baseline -0.001 -12"><span class='ocrx_word' id='word_1_231' title='bbox 145 1842 286 1874; x_wconf 87' lang='lat' dir='ltr'>cuntur</span> <span class='ocrx_word' id='word_1_232' title='bbox 304 1835 352 1874; x_wconf 92' lang='lat' dir='ltr'>ad</span> <span class='ocrx_word' id='word_1_233' title='bbox 375 1835 643 1874; x_wconf 85' lang='lat' dir='ltr'>stabiliendam</span> <span class='ocrx_word' id='word_1_234' title='bbox 671 1836 986 1885; x_wconf 88' lang='lat' dir='ltr'>conjecturarum</span> <span class='ocrx_word' id='word_1_235' title='bbox 1008 1836 1125 1873; x_wconf 84' lang='lat' dir='ltr'>tidem</span> <span class='ocrx_word' id='word_1_236' title='bbox 1146 1837 1231 1874; x_wconf 84' lang='lat' dir='ltr'>loca</span> <span class='ocrx_word' id='word_1_237' title='bbox 1252 1849 1298 1873; x_wconf 85' lang='lat' dir='ltr'>ex</span> <span class='ocrx_word' id='word_1_238' title='bbox 1317 1835 1600 1886; x_wconf 83' lang='lat' dir='ltr'>probatissimis</span> 
     </span>
     <span class='ocr_line' id='line_1_28' title="bbox 148 1897 1598 1950; baseline 0 -16"><span class='ocrx_word' id='word_1_239' title='bbox 148 1910 297 1948; x_wconf 90' lang='lat' dir='ltr'>semper</span> <span class='ocrx_word' id='word_1_240' title='bbox 323 1900 426 1947; x_wconf 86' lang='lat' dir='ltr'>(nam</span> <span class='ocrx_word' id='word_1_241' title='bbox 456 1897 496 1935; x_wconf 91' lang='lat' dir='ltr'>id</span> <span class='ocrx_word' id='word_1_242' title='bbox 522 1902 559 1935; x_wconf 91' lang='lat' dir='ltr'>te</span> <span class='ocrx_word' id='word_1_243' title='bbox 587 1897 687 1936; x_wconf 83' lang='lat' dir='ltr'>scire</span> <span class='ocrx_word' id='word_1_244' title='bbox 718 1897 836 1946; x_wconf 90' lang='lat' dir='ltr'>volui)</span> <span class='ocrx_word' id='word_1_245' title='bbox 865 1897 1117 1948; x_wconf 85' lang='lat' dir='ltr'>scriptoribus</span> <span class='ocrx_word' id='word_1_246' title='bbox 1147 1897 1364 1950; x_wconf 68' lang='lat' dir='ltr'>desumpta,</span> <span class='ocrx_word' id='word_1_247' title='bbox 1421 1898 1598 1941; x_wconf 84' lang='lat' dir='ltr'>Quorum</span> 
     </span>
     <span class='ocr_line' id='line_1_29' title="bbox 147 1958 1601 2009; baseline -0.001 -12"><span class='ocrx_word' id='word_1_248' title='bbox 147 1958 378 1997; x_wconf 86' lang='lat' dir='ltr'>auctoritate</span> <span class='ocrx_word' id='word_1_249' title='bbox 400 1958 492 1997; x_wconf 86' lang='lat' dir='ltr'>dum</span> <span class='ocrx_word' id='word_1_250' title='bbox 522 1965 623 2005; x_wconf 88' lang='lat' dir='ltr'>utor,</span> <span class='ocrx_word' id='word_1_251' title='bbox 655 1959 684 1996; x_wconf 92' lang='lat' dir='ltr'>si</span> <span class='ocrx_word' id='word_1_252' title='bbox 714 1958 927 2009; x_wconf 88' lang='lat' dir='ltr'>quidquam</span> <span class='ocrx_word' id='word_1_253' title='bbox 957 1972 980 1996; x_wconf 88' lang='lat' dir='ltr'>a</span> <span class='ocrx_word' id='word_1_254' title='bbox 1010 1972 1067 1996; x_wconf 89' lang='lat' dir='ltr'>me</span> <span class='ocrx_word' id='word_1_255' title='bbox 1096 1959 1155 1996; x_wconf 91' lang='lat' dir='ltr'>vel</span> <span class='ocrx_word' id='word_1_256' title='bbox 1185 1958 1283 1997; x_wconf 88' lang='lat' dir='ltr'>lucis</span> <span class='ocrx_word' id='word_1_257' title='bbox 1316 1958 1375 1996; x_wconf 92' lang='lat' dir='ltr'>vel</span> <span class='ocrx_word' id='word_1_258' title='bbox 1406 1958 1601 2009; x_wconf 85' lang='lat' dir='ltr'>puritatis,</span> 
     </span>
     <span class='ocr_line' id='line_1_30' title="bbox 148 2020 1601 2072; baseline -0.001 -12"><span class='ocrx_word' id='word_1_259' title='bbox 148 2021 306 2060; x_wconf 87' lang='lat' dir='ltr'>foenoris</span> <span class='ocrx_word' id='word_1_260' title='bbox 326 2021 429 2067; x_wconf 88' lang='lat' dir='ltr'>loco,</span> <span class='ocrx_word' id='word_1_261' title='bbox 450 2020 687 2072; x_wconf 87' lang='lat' dir='ltr'>acceperint,</span> <span class='ocrx_word' id='word_1_262' title='bbox 710 2022 807 2059; x_wconf 91' lang='lat' dir='ltr'>nolis</span> <span class='ocrx_word' id='word_1_263' title='bbox 833 2022 872 2059; x_wconf 91' lang='lat' dir='ltr'>id</span> <span class='ocrx_word' id='word_1_264' title='bbox 892 2035 915 2060; x_wconf 89' lang='lat' dir='ltr'>a</span> <span class='ocrx_word' id='word_1_265' title='bbox 935 2035 993 2061; x_wconf 89' lang='lat' dir='ltr'>me</span> <span class='ocrx_word' id='word_1_266' title='bbox 1019 2022 1165 2060; x_wconf 85' lang='lat' dir='ltr'>factum</span> <span class='ocrx_word' id='word_1_267' title='bbox 1187 2021 1400 2060; x_wconf 86' lang='lat' dir='ltr'>existimare</span> <span class='ocrx_word' id='word_1_268' title='bbox 1429 2021 1601 2071; x_wconf 84' lang='lat' dir='ltr'>gloriolae</span> 
     </span>
     <span class='ocr_line' id='line_1_31' title="bbox 147 2083 1601 2134; baseline -0.001 -13"><span class='ocrx_word' id='word_1_269' title='bbox 147 2083 386 2134; x_wconf 88' lang='lat' dir='ltr'>aucupandae</span> <span class='ocrx_word' id='word_1_270' title='bbox 406 2096 535 2130; x_wconf 87' lang='lat' dir='ltr'>causa,</span> <span class='ocrx_word' id='word_1_271' title='bbox 555 2088 622 2121; x_wconf 84' lang='lat' dir='ltr'>aut</span> <span class='ocrx_word' id='word_1_272' title='bbox 637 2083 685 2122; x_wconf 87' lang='lat' dir='ltr'>ad</span> <span class='ocrx_word' id='word_1_273' title='bbox 707 2084 994 2129; x_wconf 84' lang='lat' dir='ltr'>ostentandum‚</span> <span class='ocrx_word' id='word_1_274' title='bbox 1017 2083 1140 2133; x_wconf 87' lang='lat' dir='ltr'>qualis</span> <span class='ocrx_word' id='word_1_275' title='bbox 1156 2083 1211 2121; x_wconf 90' lang='lat' dir='ltr'>vir</span> <span class='ocrx_word' id='word_1_276' title='bbox 1235 2083 1351 2126; x_wconf 91' lang='lat' dir='ltr'>siem;</span> <span class='ocrx_word' id='word_1_277' title='bbox 1375 2083 1442 2121; x_wconf 85' lang='lat' dir='ltr'>sed</span> <span class='ocrx_word' id='word_1_278' title='bbox 1462 2083 1601 2133; x_wconf 81' lang='lat' dir='ltr'>partim</span> 
     </span>
     <span class='ocr_line' id='line_1_32' title="bbox 149 2143 1600 2195; baseline -0.001 -13"><span class='ocrx_word' id='word_1_279' title='bbox 149 2146 238 2194; x_wconf 86' lang='lat' dir='ltr'>qnia</span> <span class='ocrx_word' id='word_1_280' title='bbox 257 2158 376 2182; x_wconf 87' lang='lat' dir='ltr'>unum</span> <span class='ocrx_word' id='word_1_281' title='bbox 396 2144 621 2195; x_wconf 86' lang='lat' dir='ltr'>scriptorem</span> <span class='ocrx_word' id='word_1_282' title='bbox 643 2145 929 2183; x_wconf 88' lang='lat' dir='ltr'>emaculaturus</span> <span class='ocrx_word' id='word_1_283' title='bbox 946 2144 1041 2182; x_wconf 88' lang='lat' dir='ltr'>nihil</span> <span class='ocrx_word' id='word_1_284' title='bbox 1059 2144 1277 2182; x_wconf 86' lang='lat' dir='ltr'>istiusmodi</span> <span class='ocrx_word' id='word_1_285' title='bbox 1297 2158 1317 2181; x_wconf 87' lang='lat' dir='ltr'>a</span> <span class='ocrx_word' id='word_1_286' title='bbox 1330 2157 1391 2182; x_wconf 89' lang='lat' dir='ltr'>me</span> <span class='ocrx_word' id='word_1_287' title='bbox 1407 2143 1500 2182; x_wconf 74' lang='lat' dir='ltr'>duxi</span> <span class='ocrx_word' id='word_1_288' title='bbox 1516 2156 1600 2182; x_wconf 85' lang='lat' dir='ltr'>esse</span> 
     </span>
     <span class='ocr_line' id='line_1_33' title="bbox 146 2205 1598 2256; baseline -0.001 -13"><span class='ocrx_word' id='word_1_289' title='bbox 146 2206 333 2250; x_wconf 88' lang='lat' dir='ltr'>alienun1;</span> <span class='ocrx_word' id='word_1_290' title='bbox 363 2206 500 2256; x_wconf 90' lang='lat' dir='ltr'>partim</span> <span class='ocrx_word' id='word_1_291' title='bbox 520 2206 611 2256; x_wconf 87' lang='lat' dir='ltr'>quia</span> <span class='ocrx_word' id='word_1_292' title='bbox 631 2206 766 2253; x_wconf 88' lang='lat' dir='ltr'>lector,</span> <span class='ocrx_word' id='word_1_293' title='bbox 786 2206 1058 2244; x_wconf 86' lang='lat' dir='ltr'>observaturus</span> <span class='ocrx_word' id='word_1_294' title='bbox 1078 2206 1235 2244; x_wconf 86' lang='lat' dir='ltr'>similem</span> <span class='ocrx_word' id='word_1_295' title='bbox 1253 2207 1290 2243; x_wconf 92' lang='lat' dir='ltr'>in</span> <span class='ocrx_word' id='word_1_296' title='bbox 1309 2206 1484 2256; x_wconf 89' lang='lat' dir='ltr'>pluribus</span> <span class='ocrx_word' id='word_1_297' title='bbox 1505 2205 1598 2243; x_wconf 91' lang='lat' dir='ltr'>scri-</span> 
     </span>
     <span class='ocr_line' id='line_1_34' title="bbox 148 2266 1600 2318; baseline -0.001 -14"><span class='ocrx_word' id='word_1_298' title='bbox 148 2267 327 2318; x_wconf 87' lang='lat' dir='ltr'>ptoribus</span> <span class='ocrx_word' id='word_1_299' title='bbox 357 2268 494 2305; x_wconf 88' lang='lat' dir='ltr'>erroris</span> <span class='ocrx_word' id='word_1_300' title='bbox 525 2268 784 2313; x_wconf 82' lang='lat' dir='ltr'>occasionem,</span> <span class='ocrx_word' id='word_1_301' title='bbox 815 2267 1151 2306; x_wconf 84' lang='lat' dir='ltr'>emendationibus</span> <span class='ocrx_word' id='word_1_302' title='bbox 1175 2267 1315 2306; x_wconf 87' lang='lat' dir='ltr'>nostris</span> <span class='ocrx_word' id='word_1_303' title='bbox 1335 2267 1506 2318; x_wconf 89' lang='lat' dir='ltr'>aliquam</span> <span class='ocrx_word' id='word_1_304' title='bbox 1525 2266 1600 2304; x_wconf 88' lang='lat' dir='ltr'>vim</span> 
     </span>
     <span class='ocr_line' id='line_1_35' title="bbox 149 2329 1269 2368; baseline 0 -1"><span class='ocrx_word' id='word_1_305' title='bbox 149 2335 187 2367; x_wconf 85' lang='lat' dir='ltr'>et</span> <span class='ocrx_word' id='word_1_306' title='bbox 207 2329 477 2368; x_wconf 87' lang='lat' dir='ltr'>auctoritatem</span> <span class='ocrx_word' id='word_1_307' title='bbox 497 2329 684 2368; x_wconf 86' lang='lat' dir='ltr'>accedere</span> <span class='ocrx_word' id='word_1_308' title='bbox 706 2343 782 2368; x_wconf 93' lang='lat' dir='ltr'>non</span> <span class='ocrx_word' id='word_1_309' title='bbox 801 2330 942 2368; x_wconf 88' lang='lat' dir='ltr'>invitus</span> <span class='ocrx_word' id='word_1_310' title='bbox 963 2329 1227 2368; x_wconf 87' lang='lat' dir='ltr'>confitebitur.</span> <span class='ocrx_word' id='word_1_311' title='bbox 1267 2344 1269 2346; x_wconf 92' lang='lat'>·</span> 
     </span>
    </p>

    <p class='ocr_par' dir='ltr' id='par_1_4' title="bbox 149 2389 1603 2612">
     <span class='ocr_line' id='line_1_36' title="bbox 202 2389 1602 2442; baseline -0.003 -13"><span class='ocrx_word' id='word_1_312' title='bbox 202 2391 401 2442; x_wconf 86' lang='lat' dir='ltr'>Quicquid</span> <span class='ocrx_word' id='word_1_313' title='bbox 427 2391 543 2441; x_wconf 89' lang='lat' dir='ltr'>igitur</span> <span class='ocrx_word' id='word_1_314' title='bbox 572 2391 610 2429; x_wconf 89' lang='lat' dir='ltr'>in</span> <span class='ocrx_word' id='word_1_315' title='bbox 630 2391 780 2431; x_wconf 81' lang='lat' dir='ltr'>Textus</span> <span class='ocrx_word' id='word_1_316' title='bbox 800 2391 987 2430; x_wconf 88' lang='lat' dir='ltr'>medelam</span> <span class='ocrx_word' id='word_1_317' title='bbox 1007 2391 1145 2429; x_wconf 87' lang='lat' dir='ltr'>afferre</span> <span class='ocrx_word' id='word_1_318' title='bbox 1165 2389 1290 2441; x_wconf 88' lang='lat' dir='ltr'>potui,</span> <span class='ocrx_word' id='word_1_319' title='bbox 1310 2389 1348 2428; x_wconf 93' lang='lat' dir='ltr'>id</span> <span class='ocrx_word' id='word_1_320' title='bbox 1369 2402 1469 2440; x_wconf 89' lang='lat' dir='ltr'>pene</span> <span class='ocrx_word' id='word_1_321' title='bbox 1490 2401 1602 2427; x_wconf 88' lang='lat' dir='ltr'>omne</span> 
     </span>
     <span class='ocr_line' id='line_1_37' title="bbox 149 2450 1601 2503; baseline -0.001 -15"><span class='ocrx_word' id='word_1_322' title='bbox 149 2452 301 2497; x_wconf 87' lang='lat' dir='ltr'>Textui,</span> <span class='ocrx_word' id='word_1_323' title='bbox 322 2457 365 2489; x_wconf 90' lang='lat' dir='ltr'>ut</span> <span class='ocrx_word' id='word_1_324' title='bbox 384 2464 454 2503; x_wconf 86' lang='lat' dir='ltr'>par</span> <span class='ocrx_word' id='word_1_325' title='bbox 473 2458 569 2497; x_wconf 89' lang='lat' dir='ltr'>erat,</span> <span class='ocrx_word' id='word_1_326' title='bbox 591 2451 749 2502; x_wconf 87' lang='lat' dir='ltr'>subjeci.</span> <span class='ocrx_word' id='word_1_327' title='bbox 807 2452 961 2497; x_wconf 87' lang='lat' dir='ltr'>Cetera,</span> <span class='ocrx_word' id='word_1_328' title='bbox 985 2464 1229 2502; x_wconf 78' lang='lat' dir='ltr'>quaecunque</span> <span class='ocrx_word' id='word_1_329' title='bbox 1250 2451 1299 2488; x_wconf 90' lang='lat' dir='ltr'>de</span> <span class='ocrx_word' id='word_1_330' title='bbox 1327 2450 1440 2501; x_wconf 84' lang='lat' dir='ltr'>Lysia</span> <span class='ocrx_word' id='word_1_331' title='bbox 1469 2450 1601 2488; x_wconf 90' lang='lat' dir='ltr'>obser-</span> 
     </span>
     <span class='ocr_line' id='line_1_38' title="bbox 150 2511 1603 2564; baseline -0.002 -14"><span class='ocrx_word' id='word_1_332' title='bbox 150 2513 273 2551; x_wconf 86' lang='lat' dir='ltr'>vanda</span> <span class='ocrx_word' id='word_1_333' title='bbox 293 2513 398 2560; x_wconf 84' lang='lat' dir='ltr'>duxi,</span> <span class='ocrx_word' id='word_1_334' title='bbox 425 2527 471 2551; x_wconf 88' lang='lat' dir='ltr'>ea</span> <span class='ocrx_word' id='word_1_335' title='bbox 497 2513 750 2552; x_wconf 90' lang='lat' dir='ltr'>Lectionibus</span> <span class='ocrx_word' id='word_1_336' title='bbox 780 2513 950 2564; x_wconf 84' lang='lat' dir='ltr'>Lysiacis</span> <span class='ocrx_word' id='word_1_337' title='bbox 980 2513 1169 2551; x_wconf 89' lang='lat' dir='ltr'>reservavi</span> <span class='ocrx_word' id='word_1_338' title='bbox 1199 2518 1389 2564; x_wconf 82' lang='lat' dir='ltr'>perpetuo</span> <span class='ocrx_word' id='word_1_339' title='bbox 1419 2511 1603 2549; x_wconf 86' lang='lat' dir='ltr'>orationis</span> 
     </span>
     <span class='ocr_line' id='line_1_39' title="bbox 151 2573 545 2612; baseline 0.005 -2"><span class='ocrx_word' id='word_1_340' title='bbox 151 2573 216 2611; x_wconf 83' lang='lat' dir='ltr'>filo</span> <span class='ocrx_word' id='word_1_341' title='bbox 235 2574 545 2612; x_wconf 86' lang='lat' dir='ltr'>commentanda.</span> 
     </span>
    </p>

    <p class='ocr_par' dir='ltr' id='par_1_5' title="bbox 152 2634 1605 2990">
     <span class='ocr_line' id='line_1_40' title="bbox 203 2634 1602 2686; baseline -0.001 -15"><span class='ocrx_word' id='word_1_342' title='bbox 203 2634 319 2672; x_wconf 90' lang='lat' dir='ltr'>Notis</span> <span class='ocrx_word' id='word_1_343' title='bbox 338 2635 480 2673; x_wconf 90' lang='lat' dir='ltr'>inserui</span> <span class='ocrx_word' id='word_1_344' title='bbox 506 2635 634 2674; x_wconf 91' lang='lat' dir='ltr'>adhuc</span> <span class='ocrx_word' id='word_1_345' title='bbox 662 2635 822 2683; x_wconf 85' lang='lat' dir='ltr'>inedita,</span> <span class='ocrx_word' id='word_1_346' title='bbox 846 2648 934 2686; x_wconf 86' lang='lat' dir='ltr'>quae</span> <span class='ocrx_word' id='word_1_347' title='bbox 955 2635 1101 2673; x_wconf 88' lang='lat' dir='ltr'>dudum</span> <span class='ocrx_word' id='word_1_348' title='bbox 1122 2635 1171 2673; x_wconf 88' lang='lat' dir='ltr'>ad</span> <span class='ocrx_word' id='word_1_349' title='bbox 1199 2648 1306 2673; x_wconf 88' lang='lat' dir='ltr'>oram</span> <span class='ocrx_word' id='word_1_350' title='bbox 1326 2634 1602 2685; x_wconf 85' lang='lat' dir='ltr'>exemplarium</span> 
     </span>
     <span class='ocr_line' id='line_1_41' title="bbox 153 2696 1602 2748; baseline -0.001 -16"><span class='ocrx_word' id='word_1_351' title='bbox 153 2708 307 2733; x_wconf 90' lang='lat' dir='ltr'>suorum</span> <span class='ocrx_word' id='word_1_352' title='bbox 337 2697 502 2735; x_wconf 88' lang='lat' dir='ltr'>allevere</span> <span class='ocrx_word' id='word_1_353' title='bbox 532 2698 728 2748; x_wconf 91' lang='lat' dir='ltr'>Josephus</span> <span class='ocrx_word' id='word_1_354' title='bbox 755 2698 924 2747; x_wconf 82' lang='lat' dir='ltr'>Scaliger</span> <span class='ocrx_word' id='word_1_355' title='bbox 952 2704 992 2735; x_wconf 89' lang='lat' dir='ltr'>et</span> <span class='ocrx_word' id='word_1_356' title='bbox 1020 2697 1160 2736; x_wconf 90' lang='lat' dir='ltr'>Claud.</span> <span class='ocrx_word' id='word_1_357' title='bbox 1182 2697 1405 2736; x_wconf 88' lang='lat' dir='ltr'>Salmasius.</span> <span class='ocrx_word' id='word_1_358' title='bbox 1463 2696 1602 2731; x_wconf 88' lang='lat' dir='ltr'>Exem-</span> 
     </span>
     <span class='ocr_line' id='line_1_42' title="bbox 152 2755 1604 2811; baseline -0.001 -17"><span class='ocrx_word' id='word_1_359' title='bbox 152 2758 248 2806; x_wconf 87' lang='lat' dir='ltr'>plar,</span> <span class='ocrx_word' id='word_1_360' title='bbox 282 2771 360 2808; x_wconf 92' lang='lat' dir='ltr'>quo</span> <span class='ocrx_word' id='word_1_361' title='bbox 391 2771 481 2796; x_wconf 90' lang='lat' dir='ltr'>usus</span> <span class='ocrx_word' id='word_1_362' title='bbox 503 2766 562 2796; x_wconf 92' lang='lat' dir='ltr'>est</span> <span class='ocrx_word' id='word_1_363' title='bbox 582 2760 755 2810; x_wconf 86' lang='lat' dir='ltr'>Scaliger</span> <span class='ocrx_word' id='word_1_364' title='bbox 782 2757 913 2811; x_wconf 73' lang='lat' dir='ltr'>(cujus</span> <span class='ocrx_word' id='word_1_365' title='bbox 940 2759 994 2796; x_wconf 90' lang='lat' dir='ltr'>rei</span> <span class='ocrx_word' id='word_1_366' title='bbox 1014 2758 1238 2797; x_wconf 85' lang='lat' dir='ltr'>Dodwellus</span> <span class='ocrx_word' id='word_1_367' title='bbox 1267 2759 1305 2796; x_wconf 91' lang='lat' dir='ltr'>in</span> <span class='ocrx_word' id='word_1_368' title='bbox 1336 2759 1433 2795; x_wconf 87' lang='lat' dir='ltr'>libro</span> <span class='ocrx_word' id='word_1_369' title='bbox 1462 2768 1530 2793; x_wconf 89' lang='lat' dir='ltr'>suo</span> <span class='ocrx_word' id='word_1_370' title='bbox 1556 2755 1604 2793; x_wconf 91' lang='lat' dir='ltr'>de</span> 
     </span>
     <span class='ocr_line' id='line_1_43' title="bbox 154 2817 1603 2870; baseline -0.001 -16"><span class='ocrx_word' id='word_1_371' title='bbox 154 2817 284 2867; x_wconf 75' lang='lat' dir='ltr'>Cyclis</span> <span class='ocrx_word' id='word_1_372' title='bbox 312 2819 540 2857; x_wconf 65' lang='lat' dir='ltr'>Graecorum</span> <span class='ocrx_word' id='word_1_373' title='bbox 570 2819 686 2858; x_wconf 87' lang='lat' dir='ltr'>fidem</span> <span class='ocrx_word' id='word_1_374' title='bbox 716 2819 842 2870; x_wconf 88' lang='lat' dir='ltr'>facit),</span> <span class='ocrx_word' id='word_1_375' title='bbox 872 2820 921 2858; x_wconf 85' lang='lat' dir='ltr'>ad</span> <span class='ocrx_word' id='word_1_376' title='bbox 951 2820 1061 2859; x_wconf 85' lang='lat' dir='ltr'>Edw.</span> <span class='ocrx_word' id='word_1_377' title='bbox 1083 2820 1320 2859; x_wconf 87' lang='lat' dir='ltr'>Bernardum</span> <span class='ocrx_word' id='word_1_378' title='bbox 1342 2817 1603 2855; x_wconf 78' lang='lat' dir='ltr'>professorem</span> 
     </span>
     <span class='ocr_line' id='line_1_44' title="bbox 155 2878 1604 2932; baseline 0.001 -18"><span class='ocrx_word' id='word_1_379' title='bbox 155 2878 257 2926; x_wconf 87' lang='lat' dir='ltr'>apud</span> <span class='ocrx_word' id='word_1_380' title='bbox 279 2880 520 2917; x_wconf 79' lang='lat' dir='ltr'>Oxonieuses</span> <span class='ocrx_word' id='word_1_381' title='bbox 541 2881 774 2920; x_wconf 80' lang='lat' dir='ltr'>Savilianum</span> <span class='ocrx_word' id='word_1_382' title='bbox 801 2882 890 2920; x_wconf 89' lang='lat' dir='ltr'>olim</span> <span class='ocrx_word' id='word_1_383' title='bbox 920 2881 1120 2932; x_wconf 87' lang='lat' dir='ltr'>pertinuit,</span> <span class='ocrx_word' id='word_1_384' title='bbox 1153 2882 1266 2919; x_wconf 88' lang='lat' dir='ltr'>hodie</span> <span class='ocrx_word' id='word_1_385' title='bbox 1299 2881 1333 2916; x_wconf 89' lang='lat' dir='ltr'>iu</span> <span class='ocrx_word' id='word_1_386' title='bbox 1364 2878 1604 2915; x_wconf 74' lang='lat' dir='ltr'>Bibliotheca</span> 
     </span>
     <span class='ocr_line' id='line_1_45' title="bbox 158 2939 1605 2990; baseline -0.001 -13"><span class='ocrx_word' id='word_1_387' title='bbox 158 2939 365 2978; x_wconf 83' lang='lat' dir='ltr'>Bodleiana</span> <span class='ocrx_word' id='word_1_388' title='bbox 394 2948 643 2979; x_wconf 84' lang='lat' dir='ltr'>asservatum.</span> <span class='ocrx_word' id='word_1_389' title='bbox 701 2944 945 2981; x_wconf 84' lang='lat' dir='ltr'>Salmasianae</span> <span class='ocrx_word' id='word_1_390' title='bbox 977 2956 1067 2981; x_wconf 91' lang='lat' dir='ltr'>vero</span> <span class='ocrx_word' id='word_1_391' title='bbox 1097 2949 1214 2986; x_wconf 76' lang='lat' dir='ltr'>notae,</span> <span class='ocrx_word' id='word_1_392' title='bbox 1237 2954 1330 2990; x_wconf 82' lang='lat' dir='ltr'>quas</span> <span class='ocrx_word' id='word_1_393' title='bbox 1355 2940 1489 2977; x_wconf 83' lang='lat' dir='ltr'>merito</span> <span class='ocrx_word' id='word_1_394' title='bbox 1511 2953 1605 2990; x_wconf 88' lang='lat' dir='ltr'>que-</span> 
     </span>
    </p>

    <p class='ocr_par' dir='ltr' id='par_1_6' title="bbox 868 3015 895 3041">
     <span class='ocr_line' id='line_1_46' title="bbox 868 3015 895 3041; baseline -0.037 0"><span class='ocrx_word' id='word_1_395' title='bbox 868 3015 895 3041; x_wconf 84' lang='lat' dir='ltr'>n</span> 
     </span>
    </p>
   </div>
  </div>
 </body>
</html>
