1819 3219
516 186 850 228 LECTIONES
885 188 1176 232 LYSIACAE.
1494 194 1571 235 109

398 289 516 322 Κεῖθεν
529 289 560 322 δὲ
579 289 763 333 προτέρωσε
780 288 883 332 μέγας
900 291 952 321 καὶ
971 290 1150 333 ὑπείροχος
1168 291 1283 333 ἀγκὼν

398 342 568 386 Ἐξανέχει
585 345 696 387 γαίης,
711 345 766 376 ἐπὶ
783 344 815 376 δὲ
831 345 939 388 στόμα
966 349 991 377 θ
1001 357 1013 377 ε
1024 358 1071 388 ρμ
1082 345 1182 377 ὠδον
1191 359 1256 384 τος

400 397 529 440 Κόλπῳ
546 399 583 431 έν
601 398 769 431 εὐδιόωντι
798 404 823 431 Θ
835 412 847 431 ε
857 412 880 442 μ
889 412 897 430 ι
907 411 954 431 σκ
964 399 983 431 ύ
993 412 1010 442 ρ
1021 412 1033 431 ε
1043 412 1053 430 ι
1064 412 1080 431 ο
1091 414 1111 433 ν
1137 399 1189 432 ἐπ’
1207 401 1315 443 ἄκρην

397 453 557 496 Μύρεται,
574 453 892 498 εὐρείηςδιαειμένος
905 455 1063 498 ἠπείροιο.

394 507 533 541 Ἐνθάδε
551 510 713 548 Δοίαντος
726 509 855 541 πεδίον·
882 510 1042 552 σχεδόθεν
1060 508 1091 541 δὲ
1110 510 1237 549 πόληες

392 565 528 606 Τρισσαὶ
553 563 593 596 Ἀ
602 578 625 607 μ
634 578 654 596 α
663 566 681 602 ζ
690 578 706 597 ο
717 577 737 597 ν
747 565 757 596 ί
766 564 783 596 δ
794 577 817 595 ω
829 573 860 596 ν·
887 566 970 607 μετὰ
988 565 1019 597 δὲ
1038 565 1282 608 σμυγερώτατοι
1297 565 1431 609 ἁνῖρῶν

393 619 560 661 Τρηχειήν
583 624 612 652 Χ
621 619 642 650 ά
651 621 698 651 λυ
707 620 732 660 β
743 632 755 651 ε
764 632 781 657 ς
809 620 862 651 καὶ
878 619 1008 663 ἀτειρέα
1024 623 1128 663 γαῖαν
1144 619 1281 661 ἔχουσιν

393 671 599 716 Ἐργατίναι·
619 675 668 705 τοὶ
687 673 712 705 δ’
730 674 812 716 ἀμφὶ
840 673 989 717 σιδὴρε
1002 687 1024 706 α
1049 675 1129 718 ἔργα
1145 674 1315 718 μέλονται.

115 741 298 786 Lycophr.
312 752 347 777 v.
369 745 472 778 1327.

159 804 319 839 Theseus

392 863 462 894 Σὺν
478 863 552 906 θηρὶ
567 862 702 904 βλώὲας
720 865 767 905 τῷ
783 862 956 894 σπάσαντι
973 862 1067 902 ὂηΐας

391 916 514 960 Μύστῃ
531 918 703 961 Τροπαίας
715 919 848 960 μαστὸν
864 918 1008 956 εὔθηλον
1019 919 1101 955 θεᾶς

391 972 707 1014 Ζωστηροκλέπτης,
720 974 828 1009 νεῖκος
841 971 959 1014 ὤρινεν
975 971 1130 1012 διπλοῦν,

392 1027 544 1069 Στόρνην
558 1026 585 1059 τ’
601 1026 758 1070 ἀμέρσας,
775 1027 828 1058 καὶ
855 1030 879 1058 θ
892 1026 1087 1069 εμισκὺρα
1098 1039 1115 1065 ς
1140 1027 1209 1059 ἄπο

387 1083 460 1120 Τὴν
473 1081 679 1124 τοξοδάμνον
694 1082 855 1124 νοσφίσας
866 1080 1065 1124 Ὀρὲωσίαν.

110 1165 167 1195 σχ.
187 1149 231 1183 ad
249 1150 318 1184 loc.
338 1153 535 1196 Θεμίσκυρα,
564 1153 664 1192 πόλις
690 1153 934 1195 Παφλαγονίας
956 1153 1011 1184 καὶ
1032 1152 1243 1195 Ἀμαζόνων,
1261 1152 1345 1185 ἔνθα
1374 1153 1568 1196 Θεμισκύ-

107 1219 219 1249 ρειαι
247 1205 280 1238 αἱ
302 1205 542 1249 Ἀμαζόνες
579 1206 748 1250 λέγονται.
797 1206 932 1238 Justin.
965 1206 1020 1239 II.
1051 1209 1084 1239 4.
1124 1205 1203 1238 “In
1237 1205 1482 1249 Cappadocia}
1509 1217 1572 1240 Ora

101 1259 213 1304 Juxta
223 1269 365 1292 amnem
376 1260 647 1294 Thermodonta
661 1261 916 1303 consederunt,
929 1259 1185 1304 subjectosque
1196 1260 1460 1304 Themiseyrios
1473 1272 1572 1294 eam-

102 1325 168 1360 pos
182 1325 417 1358 occupavere.
433 1334 478 1339 —
494 1315 638 1348 Horum
653 1326 785 1348 uxores
798 1334 841 1339 —
854 1315 1033 1359 singulare
1046 1315 1207 1347 omnium
1222 1315 1435 1348 saeculorum
1445 1326 1572 1348 exem-

103 1371 205 1414 plum
222 1381 321 1404 ausae
348 1382 485 1404 auxere
513 1371 791 1414 Rempubiieam
810 1370 886 1403 sine
904 1368 1024 1402 viris.’'
1073 1369 1152 1402 Nee
1171 1369 1318 1402 miretur
1335 1369 1465 1413 aliquis
1484 1370 1571 1402 ἀπο-

104 1426 214 1466 θήκας
239 1435 302 1470 pro
318 1426 389 1459 ἀπὸ
414 1426 618 1471 Θεμισκύρας
635 1425 788 1458 describi
817 1423 991 1468 potuisse,
1011 1426 1073 1457 aut
1089 1424 1289 1457 reclamitet
1307 1434 1378 1457 non
1396 1425 1509 1457 solere
1533 1425 1573 1457 li-

104 1480 240 1514 brarios
251 1479 400 1526 propria
416 1480 555 1513 nomina
573 1480 895 1524 eompcndifaeere.
947 1478 1031 1511 Seio
1054 1488 1124 1511 non
1143 1479 1257 1511 solere
1273 1477 1424 1518 consilio,
1441 1479 1503 1512 sed
1517 1478 1571 1512 in—

103 1534 201 1569 curia
218 1533 583 1579 compendifaeiunt.>
613 1534 685 1575 Qui
716 1535 811 1568 enim
836 1534 910 1567 fieri
934 1533 1063 1576 potuit,
1091 1535 1129 1566 ut
1151 1544 1216 1576 pro
1233 1533 1419 1577 Δημήτριος
1445 1537 1569 1578 Δῆμος,

101 1599 166 1633 pro
183 1590 355 1628 Θέσσαλος
380 1590 514 1628 Θάλλος
533 1589 630 1632 apud
660 1589 874 1632 Dionysium
904 1588 1151 1621 Haiicarnass.
1175 1588 1432 1631 reperiremus?
1458 1588 1569 1622 Scho-

101 1643 224 1678 liastes
241 1643 426 1688 Aristoph.
445 1644 538 1677 Rau.
556 1647 614 1677 33.
630 1643 681 1677 ait
701 1647 819 1676 aetam
850 1642 959 1676 fuisse
977 1654 1057 1676 eam
1084 1643 1243 1676 fabulam
1272 1653 1367 1676 anno
1392 1645 1473 1686 pest
1500 1654 1568 1687 pu-

101 1708 209 1741 gnam
238 1698 284 1730 ad
312 1698 545 1741 Arginusam,
574 1708 658 1742 quae
690 1698 882 1731 commissa
908 1701 984 1730 crat
1011 1699 1063 1731 ἐπ’
1084 1699 1254 1731 Ἀντίνου.
1304 1697 1417 1730 Hunc
1444 1702 1564 1731 autem

101 1753 302 1786 Praetorem
331 1753 591 1786 Atheniensem
633 1753 808 1786 Historiei
847 1762 972 1785 omnes
1006 1755 1043 1785 et
1079 1755 1204 1786 auctor
1227 1752 1318 1785 adeo
1348 1752 1564 1795 Argumeuti

100 1806 311 1851 Antiyenem
329 1811 471 1841 vocant.
519 1807 699 1850 Ἐὂιόάχθη
728 1810 782 1840 ἐπὶ
801 1810 952 1840 Καλλίου
965 1807 1157 1850 ’Ἄρχοντος
1182 1809 1240 1839 τοῦ
1270 1809 1353 1850 μετὰ
1375 1807 1563 1850 Ἀντιγέ-

100 1876 215 1903 νους.
277 1862 375 1904 Quin
404 1864 440 1895 et
472 1863 548 1906 ipse
578 1875 634 1905 σχ.
667 1874 698 1896 v.
728 1864 809 1895 732.
848 1866 897 1905 τῷ
928 1863 1076 1906 προτέρῳ
1094 1862 1158 1895 ἔτει
1184 1863 1240 1894 ἐπὶ
1268 1862 1563 1905 Ἀντιγένους.

99 1917 173 1959 Qui
190 1917 449 1960 Magistratum
469 1928 649 1950 summum
669 1916 824 1950 Athenis
848 1916 960 1960 gessit
985 1916 1132 1960 Olymp.
1158 1916 1330 1949 LXXV.
1351 1918 1381 1948 l.
1413 1916 1457 1949 ab
1484 1915 1563 1950 aliis

99 1973 266 2015 Calliam,
283 1974 327 2007 ab
340 1973 417 2006 aliis
429 1973 629 2006 Caliiadem
644 1973 828 2016 appellari,
847 1973 930 2006 olim
951 1972 1073 2006 monui
1090 1976 1187 2016 (pag.
1202 1972 1299 2016 470).
1319 1971 1403 2004 Jam
1418 1974 1562 2016 tempus

98 2030 166 2071 est,
195 2030 236 2062 ut
261 2038 429 2062 moneam
460 2026 650 2061 Calliaclem
685 2030 783 2061 recte
814 2027 933 2060 scribi.
969 2027 1133 2061 Marmor
1161 2027 1256 2060 enim
1291 2027 1480 2061 Arundell.
1515 2028 1561 2061 ad

100 2082 246 2127 Olymp.
280 2082 479 2116 LXXXI.
496 2085 529 2116 l.
570 2082 812 2127 ’Ἃρχοντος
851 2083 1092 2126 Ἀθήνῃσιν
1142 2106 1150 2114 .
1211 2107 1219 2116 .
1280 2106 1288 2114 .
1353 2107 1361 2116 .
1422 2107 1431 2116 .
1492 2084 1561 2116 αλ-

98 2139 194 2170 λιου
235 2139 294 2170 τοῦ
335 2136 563 2181 προτέρου.
628 2137 735 2178 Quod
765 2147 886 2170 verum
915 2139 981 2178 est,
1006 2148 1089 2171 eum
1110 2137 1243 2171 Callias
1259 2138 1349 2171 alter
1365 2140 1558 2182 praeturam

100 2192 212 2235 gessit
239 2191 386 2234 Olymp.
415 2191 546 2225 XCII.
566 2194 599 2224 l.
651 2191 788 2225 Verum
816 2203 894 2225 esse
912 2203 983 2225 non
998 2192 1129 2236 potuit,
1149 2193 1177 2226 si
1195 2192 1237 2235 is,
1256 2193 1318 2236 qui
1338 2192 1506 2227 LXXV.
1530 2197 1557 2227 Ι.

97 2248 267 2290 gesserat,
290 2245 534 2279 nominaretur
552 2257 696 2291 quoque
715 2247 860 2280 Callias.
910 2247 1009 2288 Quid
1036 2247 1243 2280 commercii
1269 2249 1324 2280 est
1340 2247 1432 2281 inter
1453 2259 1558 2282 voees

98 2301 246 2345 Lysiam
264 2303 300 2334 et
316 2300 627 2334 Nausimachum?
676 2301 823 2335 Archon
852 2305 973 2334 autem
1005 2302 1152 2345 Olymp.
1185 2301 1419 2336 LXXXVI.
1450 2305 1483 2338 1.
1511 2303 1557 2337 ab

95 2358 175 2392 aliis
192 2356 472 2397 Nausimachus,
490 2357 534 2389 ab
553 2356 631 2389 aliis
659 2357 909 2400 Lysimachus,
934 2357 980 2390 ab
1010 2357 1087 2390 aliis
1114 2357 1272 2401 denique
1301 2358 1557 2402 compendiose

95 2411 223 2458 Lysias
240 2412 454 2456 appeilatur.
481 2411 600 2452 Quem
620 2411 768 2454 Olymp.
784 2411 868 2444 XC.
888 2413 919 2443 l.
950 2411 1181 2455 Astyphilum
1197 2412 1384 2445 nominant
1395 2412 1558 2447 Marmor

96 2466 397 2500 Arundellianum
427 2468 464 2498 et
496 2465 710 2507 Athenaeus,
745 2466 927 2500 Diodorus
953 2465 1099 2499 Siculus
1131 2466 1318 2509 mendose,
1347 2470 1388 2500 ut
1415 2468 1555 2511 opinor,

95 2520 384 2564 Aristophyium.
420 2521 467 2553 Et
491 2520 665 2560 similiter,
687 2520 747 2563 qui
765 2520 1053 2553 Aristomnestus
1070 2521 1177 2555 XCI.
1199 2524 1232 2556 l.
1257 2522 1353 2555 Isaeo
1372 2522 1416 2555 de
1435 2522 1556 2556 Philo-

94 2577 202 2609 ctetae
221 2575 372 2608 heredit.
390 2573 451 2607 ille
471 2574 621 2607 Auctori
638 2574 794 2617 Argum.
821 2576 890 2607 Av.
908 2574 1092 2619 Aristoph.
1116 2578 1152 2607 et
1177 2576 1343 2619 Hesyeh.
1372 2576 1407 2609 in
1438 2577 1556 2621 Ἕρμο-

94 2630 470 2665 ncovriBatArimnestus
481 2632 551 2664 est.
603 2629 754 2672 Elpines
772 2629 917 2663 Archon
935 2632 1011 2663 erat
1029 2630 1134 2664 CVI.
1155 2633 1184 2664 Ι.
1212 2631 1373 2664 Diodoro
1401 2634 1490 2665 teste
1520 2635 1557 2665 et

95 2685 273 2728 Dionysio
289 2685 325 2718 in
344 2684 538 2726 Diuareho,
552 2685 632 2717 eod.
651 2688 772 2717 tamen
792 2685 967 2728 Dionysio
983 2686 1020 2719 in
1037 2686 1147 2728 Lysia
1165 2689 1241 2719 erat
1254 2687 1452 2730 Eipiniees.
1482 2686 1556 2720 Un-

96 2739 141 2773 de
157 2740 306 2772 fortasse
324 2739 568 2772 restituendus
586 2739 854 2773 Demosthenes
881 2751 945 2783 pro
971 2741 1132 2774 Corona:
1158 2739 1270 2775 Αὖται
1285 2743 1506 2782 ἀπεδόθησαν
1521 2743 1555 2775 αὶ

94 2796 268 2838 μαρτυρίαι
284 2794 334 2827 ἐπ’
350 2795 546 2827 Ἐλπινίκου
571 2795 863 2838 Ἑκατομβαιῶνος
885 2796 979 2839 τρίτῃ
1004 2796 1194 2840 ἱσταμένου.
1246 2796 1347 2829 Male
1371 2795 1477 2828 hodie
1497 2797 1554 2829 ἐπὶ

97 2850 224 2881 Νικίου.
252 2849 337 2890 Vel,
349 2849 519 2892 quonian)
538 2851 625 2881 aetas
644 2849 911 2892 aliquantulum
927 2850 1058 2891 obstet,
1073 2861 1134 2893 pro
1152 2852 1268 2882 Νικίου
1286 2851 1434 2889 Νικήτου
1451 2851 1552 2884 resti-

96 2906 189 2944 tuas,
208 2903 268 2945 qui
292 2904 398 2945 paulo
426 2906 508 2935 ante
539 2903 631 2936 hane
660 2903 874 2937 Orationem
898 2904 1055 2937 habitam
1083 2916 1126 2937 eo
1145 2914 1291 2937 munere
1317 2904 1549 2947 fungebatur.

95 2956 204 2988 Certe
228 2955 350 2989 Nicias
367 2957 401 2990 in
420 2950 537 2990 Fastis
561 2957 691 2991 Atticis
713 2958 926 3002 neutiquam
944 2961 1142 3002 comparet.
1194 2957 1418 2991 Obscrvabit
1434 2959 1549 2994 bonus

94 3011 206 3043 lector
227 3009 334 3043 istum
366 3011 533 3044 Niceten]
562 3022 582 3044 a
610 3011 773 3046 Diodoro
802 3013 1029 3056 Niceratum,
1050 3013 1094 3047 ab
1124 3012 1277 3047 Arriano
1311 3013 1356 3048 de
1383 3015 1547 3059 expedit.
