1901 3244
234 174 316 216 696

231 299 294 323 κους
311 299 341 319 ν.
359 286 460 322 ἀδίκοις
475 289 496 319 Ι.
511 289 637 322 ἀδικοῦσι
655 291 760 322 Bekk.

275 331 312 361 P.
330 333 406 363 592.
424 335 454 363 2.
468 333 516 362 καῖ
532 333 589 375 τὰ]
606 334 655 364 καὶ
670 335 751 366 οὗτοὶ
768 334 871 365 Bekk.
916 338 948 367 3.

229 375 387 416 Κηφισεὶς]
403 378 564 415 Κηφισσεὺς
580 388 609 407 ν.
624 380 774 418 Κηφισιεὺς
791 379 893 409 Bekk.

276 419 313 450 P.
324 420 398 450 593.
409 421 441 449 7.
457 418 632 461 ὀργίζεσθαι]
642 422 795 463 ὠργίζεσθε
813 423 830 452 Ι.
843 421 948 451 Bekk.

234 462 287 491 13.
304 462 517 503 Στςομαιχὶδης
533 463 554 494 Ι.
571 475 585 493 s
602 468 631 494 1.
643 475 672 493 ν.
719 471 820 504 antep.
837 475 949 502 συγκα-

230 504 392 546 λεσάντων]
426 508 713 544 συγκαταλυσάντων
739 509 759 537 Ι.
789 519 819 538 ν.
847 508 913 537 Bek
921 509 949 538 k.

231 557 304 586 pen.
320 548 477 588 φεύγοντας
493 560 526 580 ν.
587 551 643 580 ult.
661 552 714 581 ὑπὸ
729 550 824 591 λόγον]
841 550 949 581 ὑπόλο-

231 602 283 629 you
299 601 313 620 s
331 595 359 621 1.
371 602 402 621 v.
415 592 518 623 Bekk.

279 634 316 663 P.
339 637 414 665 594.
439 635 493 666 ult.
518 635 643 677 εὔπλων]
671 636 772 666 ὅπλων
798 637 817 666 l.
837 639 952 668 στηλῶν

233 677 338 708 Bekk.

277 719 317 751 P.
334 722 408 752 595.
423 723 452 750 4.
478 721 521 751 δεῖ
540 721 711 762 μανθάνειν]
725 722 881 761 μανθάνειν
895 724 950 765 χξῆ

232 764 255 794 l.
272 763 378 794 Bekk.
436 766 466 794 9.
482 764 627 804 γενομένης
641 777 669 795 ν.
727 771 829 807 antep.
848 772 880 796 et
896 768 950 797 ult.

234 805 384 847 προσόντ]
401 807 542 847 προσιόντ.
557 808 660 838 Bekk.

278 850 316 880 P.
333 852 452 882 596.1.
468 849 538 893 μὲν]
550 853 593 890 μὴ
608 851 683 881 Ald.
757 851 950 883 11)ἰά.ἐπιλι·

234 894 318 934 πεῖν]
336 892 487 923 ἐπιλείπειν
502 894 523 924 Ι,
541 905 555 923 s
574 899 601 924 1.
617 891 647 924 ν.
659 894 731 924 Ald.
743 895 847 926 Bekk.
893 896 950 927 ult.

234 936 301 966 εἶναι
318 936 472 977 πςοσῆλθε]
484 935 514 967 {fv
530 937 549 966 ἃ
563 937 701 977 προσῆλθε
716 939 820 968 Bekk.

281 979 316 1009 P.
335 982 410 1010 5217.
429 984 459 1011 1.
474 981 511 1014 εἴς
526 981 574 1022 γε]
599 982 637 1014 εἶ’.»
658 991 690 1010 τε
708 982 728 1012 Ι.
744 982 848 1012 Bekk.
918 984 949 1012 8.

234 1021 327 1053 ἐπειδὴ
347 1034 374 1053 v.
420 1035 488 1062 pen.
507 1024 607 1065 καὶεί]
626 1024 690 1054 εἰδὲ
709 1026 729 1055 Ι.
748 1025 849 1056 Bekk.
896 1027 950 1055 ult.

233 1068 333 1095 ταῦτα
345 1065 456 1106 ἆξκέσει
470 1068 538 1106 ἡμῖν
551 1078 579 1097 ν.

280 1108 317 1140 Ρ.
334 1112 409 1141 598.
425 1112 454 1139 6.
471 1110 584 1151 σκῦλα]
598 1111 676 1140 σῦλα
693 1111 713 1140 Ι.
725 1122 739 1140 S
757 1115 785 1142 1.
798 1122 831 1143 v.
848 1112 950 1142 Bekk.

235 1153 268 1183 7.
282 1163 362 1183 νεωσ.
375 1153 430 1194 τὰ]
444 1163 521 1183 νεωσ.
534 1155 581 1183 καὶ
596 1155 636 1183 τὰ
650 1155 669 1184 Ι.
682 1155 784 1184 Bekk.
831 1158 862 1186 8.
875 1166 951 1196 ‘nega-

234 1195 454 1238 καταῤῥέοντας]
490 1198 742 1239 περικαταρρέοντα
764 1199 784 1228 Ι.
814 1210 828 1228 s
863 1203 892 1228 1.
922 1210 950 1229 ν.

609 175 958 220 VARIANTES
991 177 1329 221 LECTIONES

985 293 1087 323 Bekk.
1134 294 1217 325 Ibid.
1232 294 1412 328 Βουλεὺσασα
1429 306 1459 326 ν.
1520 296 1576 326 ult.
1593 295 1632 331 εἷς
1643 297 1699 330 τὰς

985 336 1120 371 τοιαύτας
1131 348 1145 367 s
1164 343 1193 368 1.
1209 349 1241 368 ν.
1300 338 1387 369 Ibid.
1403 338 1588 380 καθιστᾶσι]
1606 339 1698 370 καθε-

983 381 1080 409 στῶσι
1097 391 1111 409 s
1129 385 1158 410 1.
1173 380 1336 412 καθιστᾶσι
1355 382 1458 412 Bekk.

1030 422 1067 452 P.
1082 425 1156 454 599.
1173 428 1204 455 4.
1221 423 1319 466 αὐτὸν]
1345 425 1436 455 αὐτῶν
1453 435 1482 454 ν.
1499 424 1579 464 αὐτῷ
1594 426 1697 456 Bekk.

984 464 1068 495 Ibid.
1093 467 1294 509 τιμωςῆσητε]
1317 468 1466 508 τιμήσητε
1488 468 1510 498 Ι.
1525 479 1566 498 m.
1583 479 1597 498 s
1620 472 1650 499 1.
1665 479 1697 499 v.

985 508 1089 538 Bekk.
1145 511 1177 540 5.
1192 522 1225 541 τε
1243 522 1303 541 om.
1320 523 1349 541 v.
1395 514 1425 542 6.
1443 511 1471 541 δὲ
1484 521 1589 542 om.v.
1646 513 1698 542 15.

984 553 1117 582 τοσοῦτον
1131 563 1160 582 ν.
1205 559 1307 593 antep.
1322 552 1396 585 οὗτοί
1412 554 1456 595 τ’]
1475 551 1547 585 οἷτοι
1563 553 1618 583 δἸ.
1636 565 1651 584 s
1667 557 1699 584 1.

986 604 1014 623 v.
1026 595 1129 624 Bekk.
1174 596 1258 626 Ibid.
1273 600 1328 627 τῶν
1339 600 1504 628 secundum
1518 609 1579 628 om.
1596 607 1627 627 v.

1030 637 1068 667 P.
1086 640 1159 668 600.
1178 641 1208 669 2.
1234 641 1456 680 παραγενομένου
1479 653 1510 672 ν.
1574 645 1605 671 4.
1626 639 1698 682 χςῆ-

985 680 1080 720 μασι]
1102 681 1248 721 χξῆματα
1263 684 1284 712 l.
1303 685 1405 714 Bekk.
1481 687 1512 715 6.
1529 684 1577 713 καὶ
1600 694 1661 714 om.
1677 684 1701 714 1.

986 723 1088 753 Bekk.
1136 728 1186 755 18.
1204 725 1255 755 καὶ
1270 725 1317 756 τὶν
1330 728 1409 768 Nam]
1427 726 1473 757 τὸν
1484 738 1545 757 om.
1560 728 1579 757 Ι.
1592 738 1606 757 s
1624 731 1652 758 1.
1669 738 1698 757 v.

985 766 1090 797 Bekk.
1133 769 1356 809 anteponi-rost]
1367 770 1469 804 αὑτοὺς
1479 771 1581 800 Bekk.
1627 781 1699 810 pen.

985 810 1291 852 ὑπογξαμματεῢσαι]
1305 812 1349 842 ὅτι
1366 814 1661 854 ὐωογξαμματεῦσαι
1678 813 1700 842 Ι.

985 853 1088 883 Bekk.

1029 896 1066 926 P.
1085 899 1160 927 601.
1178 898 1209 928 5.
1225 899 1281 927 τῶν
1301 897 1359 940 ἀεὶ]
1380 897 1486 929 τούτων
1499 899 1541 928 ἀεὶ
1553 899 1575 928 Ι.
1594 898 1698 929 Bekk.

987 942 1037 970 10.
1055 939 1300 982 ἓξαιτησαμὲνων]
1320 940 1547 981 ἐξαιτησομένων
1562 942 1582 972 Ι.
1595 951 1609 970 s
1624 944 1652 970 1.
1670 952 1701 971 ν.

986 982 1091 1013 Bekk.
1149 987 1200 1015 18.
1218 984 1400 1026 ζητήσουσιν]
1417 984 1546 1025 ζητοῦσιν
1558 986 1579 1015 Ι.
1597 983 1708 1014 Bekk.

1031 1028 1067 1057 Ρ.
1086 1030 1160 1059 60⁶2.
1184 1032 1210 1057 1.
1227 1027 1251 1057 ὦ
1263 1028 1355 1068 ἄνδρες
1370 1040 1399 1058 ν.
1468 1032 1518 1058 10.
1534 1027 1589 1067 μὲν
1601 1025 1702 1068 τοίνυν]

985 1068 1041 1109 μὲν
1056 1067 1097 1100 οὖν
1113 1071 1135 1100 Ι.
1152 1071 1256 1101 Bekk.
1339 1077 1443 1112 antep.
1459 1070 1612 1112 ἑμετὲςαν]
1630 1070 1703 1109 ὑμε·

985 1112 1068 1153 τὲςαν
1084 1125 1097 1144 s
1116 1118 1143 1143 1.
1162 1115 1265 1144 Bekk.
1324 1115 1407 1145 Ibid.
1423 1114 1575 1155 νουθεσίαν]
1591 1113 1703 1153 νομοθε-

986 1157 1049 1185 σίαν
1071 1157 1090 1185 Ι.
1108 1157 1206 1188 Bekk.
1282 1158 1338 1189 ult.
1356 1158 1470 1199 πάντα]
1495 1159 1614 1189 ἅπαντα
1632 1157 1654 1187 Ι.
1670 1168 1701 1188 ν.

988 1200 1091 1230 Bekk.

739 1306 888 1344 KATA
923 1306 1202 1344 ΦΙΛΩΝΟΣ.

280 1396 318 1425 Ρ.
327 1397 400 1426 603.
409 1398 438 1426 4.
449 1396 639 1438 δικαστήριον]
651 1398 839 1440 Βουλευτὴριον
847 1400 950 1430 Bekk.

236 1441 269 1470 5.
286 1439 493 1478 συμβουλεύειν
514 1452 544 1471 v.
561 1441 636 1471 Ald.
704 1442 785 1472 Ibid.
810 1443 854 1484 δὲ]
880 1455 913 1473 τε
930 1444 950 1472 Ι.

238 1493 280 1512 m.
296 1493 317 1523 p
333 1485 364 1513 3.
383 1494 396 1512 s
418 1489 445 1512 1.
464 1495 493 1513 ν.
543 1487 591 1514 12.
607 1484 713 1525 ἔγωγε]
732 1485 786 1523 ἐγώΙ
804 1497 835 1515 τε
849 1487 951 1516 Bekk.

237 1531 341 1566 nntep.
358 1526 441 1566 εἴτι]
458 1525 502 1556 ἔτι
518 1539 548 1557 ν.
616 1539 686 1566 pen.
703 1527 830 1567 δικαίως]
852 1530 954 1562 δίκαιος

237 1568 260 1599 ἱ.
277 1569 297 1598 Ι.
314 1579 354 1598 m.
369 1580 388 1607 p
402 1572 431 1600 3.
450 1581 463 1599 s
482 1575 512 1600 1.
527 1582 556 1600 ν.
572 1571 673 1601 Bekk.
736 1573 791 1602 ult.
809 1571 869 1614 ἔτι]
888 1574 952 1603 εἴτι

236 1611 259 1642 i.
276 1612 296 1641 l.
315 1623 344 1651 q.
361 1612 463 1642 Bekk.

282 1657 318 1685 P.
333 1659 406 1686 604.
425 1658 455 1686 3.
470 1656 561 1688 αὐτῶν
574 1667 593 1696 p
607 1659 638 1688 S.
686 1657 768 1687 Ibid.
783 1658 832 1688 καὶ
844 1670 904 1689 om.
921 1670 952 1689 v.

237 1700 268 1729 5.
287 1698 488 1739 ὑπολείπωμαι
506 1711 535 1729 ν.
616 1705 667 1731 14.
685 1702 732 1730 καὶ
747 1703 801 1741 γᾶς
814 1702 840 1731 οἳ
850 1702 951 1743 φύσει]

238 1741 296 1772 ὅσοι
312 1742 339 1772 δὲ
356 1743 439 1782 φύσει
456 1743 475 1773 Ι.
490 1743 592 1774 Bekk.

283 1786 321 1815 P.
349 1789 423 1817 605.
447 1789 477 1817 2.
500 1787 613 1829 αὐτοῖς]
639 1787 751 1822 ἑαυτοῖς
775 1788 797 1817 Ι.
821 1799 834 1818 s
864 1792 893 1818 1.
925 1800 953 1818 v.

239 1828 344 1859 Bekk.
413 1832 442 1860 8.
468 1831 568 1872 τοῦτο]
594 1831 695 1861 τούτου
721 1843 750 1861 v.
776 1834 911 1862 τοσοῦτον
932 1832 954 1861 l.

237 1872 341 1903 Bekk.
404 1876 454 1903 10.
469 1872 496 1902 ἒν
513 1874 617 1914 ἀγοξςῗ]
642 1873 667 1904 ἓν
682 1875 759 1915 α’γςῷ
770 1875 792 1904 Ι.
809 1886 829 1915 p
845 1878 878 1906 3.
894 1886 908 1905 s
924 1878 956 1905 1.

237 1927 269 1946 v.
289 1915 392 1945 Bekk.
432 1920 465 1947 4.
479 1916 519 1946 τοὶ
536 1916 656 1958 ἐναντία]
665 1917 803 1948 τάναντία
818 1919 839 1948 Ι.
853 1919 956 1948 Bekk.

240 1961 295 1990 19.
309 1958 530 1997 μετεβάλλοντο
544 1972 558 1990 s
576 1965 604 1991 1.
620 1972 651 1990 v.
697 1962 753 1991 ult.
768 1972 956 2002 κατεξγασα-

238 2000 332 2042 μένῳ]
355 2002 611 2042 κατειργασμένοις
626 2004 646 2034 1.
664 2004 769 2035 Bekk.

284 2046 321 2074 P.
348 2047 423 2075 606.
449 2049 479 2076 Q.
503 2046 570 2083 ἧμῖν
593 2057 607 2076 s
635 2052 662 2076 1.
718 2051 750 2077 Ξ.
776 2046 956 2088 παρασχεῖν]

239 2087 374 2129 παςέσχε
397 2088 418 2118 l.
442 2089 547 2119 Bekk.
605 2090 688 2120 Ibid.
709 2090 759 2120 καὶ
780 2090 851 2130 yde]
867 2089 959 2120 καίτοι

240 2131 345 2161 Bekk.
391 2134 421 2162 8.
439 2131 510 2161 οὐδὲν
525 2144 586 2161 om.
600 2144 618 2173 p
631 2135 661 2163 3.
716 2136 747 2164 9.
764 2134 860 2175 γνώμῃ
875 2135 959 2164 τοῦτο

240 2186 261 2214 p
279 2177 308 2206 3.
328 2186 341 2204 s
359 2178 389 2204 1.
450 2182 553 2214 antep.
570 2176 661 2216 δέτι]
681 2175 758 2207 δὲτὸ
783 2189 801 2216 p
818 2179 848 2206 3.
904 2178 958 2207 ult.

239 2217 358 2257 ἀδικεῖν]
376 2220 418 2257 μῆ
435 2219 539 2249 ἀδικεῖν
555 2229 572 2257 p
588 2221 619 2249 3.
637 2231 651 2249 s
670 2224 697 2250 1.
718 2231 748 2250 v.
767 2220 837 2250 Ald.
853 2221 960 2250 Bekk.

285 2263 324 2291 Ρ.
342 2264 416 2292 607.
433 2264 463 2292 3.
481 2261 494 2292 ἢ
511 2263 708 2304 ταλαιπωρεῖ]
723 2261 754 2293 ’ἦν
769 2265 961 2303 ταλαιπωρεῖν

245 2305 349 2334 Bekk.
396 2316 465 2343 pen.
483 2304 542 2336 οὔτ’
557 2305 596 2345 εἰ]
614 2307 642 2336 οὐ
658 2307 711 2345 γὰρ
724 2307 828 2337 Bekk.

287 2349 325 2377 Ρ.
343 2349 418 2378 608.
435 2359 502 2385 pen.
519 2349 588 2387 φησὶ
613 2349 641 2379 δὲ
657 2351 705 2379 καῖ
721 2351 821 2379 ταῦτα
845 2350 893 2379 καὶ
911 2351 960 2380 αὖ·

241 2388 304 2431 τός]
321 2390 369 2419 καὶ
388 2392 488 2420 ταῦτα
504 2393 537 2425 ὣς
556 2400 626 2431 φησι
642 2394 692 2423 καῖ
708 2392 797 2427 ἀστὸς
818 2394 839 2424 Ι.
856 2394 960 2424 Bekk.

242 2435 286 2473 φῆ
307 2433 336 2464 δὲ
352 2434 400 2462 καὶ
418 2436 516 2464 ταῦτα
530 2436 577 2464 καὶ
595 2436 686 2471 ἀστὸς
708 2447 728 2476 p
744 2439 775 2467 3.
799 2436 826 2466 δὲ
853 2448 912 2467 om.
931 2449 960 2468 v.

243 2476 315 2515 φησὶ
336 2487 398 2507 om.
419 2478 451 2507 in
474 2478 582 2507 lacuna
601 2480 673 2509 Ald.
745 2481 802 2511 ult.
817 2479 878 2521 ἔτι]
903 2480 962 2511 ὅτι

243 2520 348 2551 Bekk.

289 2564 329 2593 P.
357 2565 430 2597 609.
448 2562 628 2605 16.{v.01023']
653 2564 723 2595 ἔνθα
740 2576 760 2605 p
778 2568 809 2596 3.
832 2578 846 2596 s
873 2569 903 2596 1.
930 2577 961 2596 v.

244 2610 298 2639 19.
325 2612 515 2637 MAPTTPIA
545 2613 624 2637 ΤΩΝ
650 2614 732 2638 ΠΕΡΙ
763 2609 960 2649 ΔιοτῙΜοΝ]

245 2650 392 2691 Μάξτυςες
407 2650 427 2680 Ι.
442 2661 461 2691 p
479 2653 510 2681 3.
571 2653 625 2682 20.
641 2651 805 2692 ὤφελ’ἦσαι]
824 2653 963 2692 ὠφελήσω

986 1411 1028 1429 m.
1046 1411 1064 1439 p
1084 1402 1114 1429 3.
1131 1411 1144 1428 s
1162 1404 1190 1429 1.
1211 1399 1351 1439 ὠφελήσει
1370 1400 1390 1430 Ι.
1408 1399 1511 1430 Bekk.

987 1443 1084 1483 δαίνοι]
1101 1443 1223 1481 κερδανεῖ
1235 1445 1255 1472 Ι.
1272 1443 1374 1473 Bekk.

1032 1487 1067 1515 Ι).
1085 1488 1158 1515 610.
1174 1488 1204 1515 3,
1221 1485 1304 1526 τίτε]
1330 1485 1396 1514 τότε
1413 1484 1442 1514 τ’
1464 1486 1485 1515 Ι.
1507 1485 1611 1514 Bekk.
1634 1484 1702 1514 τοτε

987 1528 1042 1568 μὲν
1058 1529 1078 1558 i.
1125 1533 1155 1558 4.
1171 1529 1220 1570 τε]
1238 1529 1264 1558 δὲ
1282 1530 1302 1558 ἰ.
1349 1532 1400 1558 11.
1419 1527 1482 1568 ἤδη]
1492 1527 1551 1557 οἶδα
1562 1527 1704 1566 q.Bekk.

988 1571 1071 1612 οἶμαι
1089 1572 1108 1601 Ι.
1162 1575 1213 1602 12.
1232 1572 1342 1612 οἰκεῖον]
1369 1572 1458 1601 οἰκεῖοι
1474 1582 1512 1600 m.
1529 1581 1557 1609 q.
1573 1581 1592 1610 p
1605 1573 1635 1600 3.
1647 1581 1661 1599 s
1673 1574 1703 1600 1.

990 1627 1020 1645 v.
1037 1616 1057 1645 ot
1075 1615 1164 1644 οἷκεῖοι
1181 1616 1201 1645 i.
1217 1615 1239 1645 Ι.
1257 1616 1358 1646 Bekk.
1403 1617 1454 1644 17.
1466 1614 1542 1654 περέ]
1555 1616 1634 1653 παρὰ,
1647 1624 1660 1644 s
1673 1617 1703 1643 1.

990 1661 1041 1689 19.
1059 1658 1263 1688 πιστεύσαντα
1280 1669 1297 1697 p
1314 1660 1345 1689 3.
1362 1669 1376 1687 s
1394 1662 1424 1688 1.
1505 1657 1589 1687 Ibid.
1617 1658 1705 1691 αὐτῆς

989 1702 1009 1732 Ι.
1027 1702 1130 1732 Bekk.
1198 1704 1250 1733 23.
1269 1700 1487 1742 mgamlmvca
1503 1711 1534 1730 ν.
1599 1706 1704 1741 antep.

989 1744 1085 1786 αὐτῷ]
1103 1744 1177 1787 αὐτῇ
1192 1746 1214 1776 l.
1230 1746 1329 1775 Bekk.

1035 1791 1069 1819 Ρ.
1087 1791 1162 1819 611.
1178 1791 1209 1819 6.
1226 1788 1313 1818 αὐτοῦ
1330 1788 1419 1830 must]
1435 1787 1522 1817 αὐτοῦ
1535 1788 1584 1816 τοῦ
1598 1786 1670 1820 MR.
1681 1786 1705 1817 l.

990 1842 1030 1861 m.
1041 1843 1060 1872 p
1072 1834 1103 1863 3.
1118 1842 1132 1861 s
1146 1837 1174 1861 1.
1187 1844 1217 1862 v.
1231 1832 1333 1862 Bekk.
1380 1834 1410 1863 9.
1422 1831 1458 1861 Τι’
1472 1830 1533 1872 [ἂν]
1547 1827 1704 1861 οῧνΒεΙεΙς.

993 1877 1046 1906 13.
1062 1874 1129 1905 τότε
1152 1874 1269 1916 ἀγαθὲν]
1291 1874 1359 1905 τότε
1381 1874 1465 1905 κακὸν
1479 1876 1500 1903 Ι.
1518 1874 1539 1904 Ι.
1556 1885 1584 1913 q.
1602 1873 1707 1903 Bekk.

992 1918 1047 1948 ult.
1082 1920 1142 1952 τοῖς
1178 1918 1314 1959 πονηξοῖς]
1338 1919 1410 1959 ’τοὺς
1444 1917 1571 1957 πονηροὺς
1600 1916 1705 1946 Bekk.

992 1961 1074 1991 Ibid.
1102 1960 1297 2002 παύσασθαι]
1324 1959 1494 1990 παύσεσθαι
1518 1960 1537 1988 Ι.
1559 1961 1619 1999 p3.
1638 1969 1652 1988 s
1672 1961 1703 1988 1.

992 2004 1096 2034 Bekk.

1037 2048 1074 2077 P.
1091 2049 1164 2077 612.
1180 2051 1211 2078 7.
1227 2044 1270 2087 γ’]
1288 2044 1316 2076 τ’
1342 2057 1360 2085 p
1385 2049 1414 2077 3.
1433 2056 1462 2074 v.
1537 2049 1640 2083 antep.
1658 2042 1706 2073 ἐκ-

993 2090 1199 2130 κλησιάζεται]
1223 2089 1441 2129 ἐκκλησιάζοιτο
1454 2089 1476 2117 Ι.
1493 2088 1597 2117 Bekk.

1037 2135 1076 2163 P.
1093 2136 1167 2163 613.
1186 2136 1215 2163 6.
1232 2132 1363 2162 τοιαύτην
1380 2143 1408 2161 ν.
1476 2132 1506 2161 9.
1521 2131 1661 2169 μεγάλως
1675 2141 1706 2160 ν.

994 2179 1046 2206 14.
1063 2176 1160 2217 δήμῳ]
1175 2176 1251 2216 νόμοι·
1269 2187 1314 2206 ν..
1355 2175 1437 2205 Ibid.
1453 2172 1622 2212 ἔτιμάσατε
1638 2184 1657 2212 p
1675 2176 1707 2204 3.

995 2224 1048 2251 15.
1063 2219 1169 2250 ἑαυτοῦ
1186 2231 1205 2258 p
1221 2222 1254 2250 3.
1310 2218 1393 2248 Ibid.
1407 2218 1548 2248 κολάσετε
1563 2217 1586 2246 Ι.
1603 2228 1644 2246 m.
1660 2227 1706 2245 κο·

995 2263 1099 2303 λάζετε
1126 2275 1145 2303 p
1171 2265 1203 2293 S.
1232 2274 1246 2292 s
1273 2266 1302 2293 1.
1325 2263 1470 2292 κολάσητε
1496 2272 1526 2290 ν.
1549 2260 1708 2289 κολάσαιτε

995 2308 1095 2336 Bekk.
1142 2309 1191 2336 18.
1206 2305 1365 2345 γενομένους
1378 2316 1406 2335 ν.
1454 2306 1504 2334 19.
1517 2302 1666 2342 γενομένων
1677 2314 1709 2333 v.

1039 2351 1077 2380 P.
1096 2352 1171 2381 614.
1189 2354 1240 2380 11.
1257 2349 1332 2390 αὐτῇ
1347 2360 1361 2378 s
1377 2353 1408 2378 1.
1483 2349 1534 2377 12.
1548 2346 1709 2381 βούλεσθαι

994 2403 1015 2432 p
1031 2395 1062 2424 3.
1081 2405 1095 2422 s
1113 2397 1142 2423 1.
1155 2405 1186 2423 ν.
1254 2397 1357 2432 autep.
1375 2390 1439 2431 ὅτε]
1455 2388 1499 2420 ἔτι
1517 2401 1548 2420 ν.
1566 2390 1632 2420 δ’ταν
1647 2393 1710 2419 5-1.

997 2436 1073 2466 ἡνίκα
1089 2437 1110 2466 Ι.

1039 2481 1076 2509 Ρ.
1095 2479 1170 2510 615.
1189 2483 1218 2509 1.
1233 2477 1314 2508 ἱκανοὶ
1330 2475 1400 2518 μὲν]
1418 2475 1591 2515 ἱκανάμοιΙ.
1605 2474 1707 2505 Bekk.

996 2525 1027 2554 Ξ.
1043 2522 1150 2563 αὐτῶν]
1175 2523 1276 2555 αὐτοὺς
1292 2521 1396 2551 Bekk.
1462 2525 1564 2558 antep.
1575 2516 1656 2556 αὐτῷ
1669 2527 1710 2546 m.

996 2578 1015 2606 p
1030 2568 1060 2597 3.
1078 2577 1092 2596 s
1110 2570 1140 2596 1.
1156 2577 1185 2596 v.
1274 2565 1354 2594 Ibid.
1369 2574 1400 2602 γε
1416 2561 1617 2603 δοκιμάσθητε
1633 2561 1709 2590 Ald.

997 2620 1067 2649 pen.
1084 2610 1139 2649 γίις
1155 2609 1242 2639 aba-03
1258 2609 1313 2650 τὰ]
1331 2607 1387 2648 γὰς
1401 2608 1442 2637 τὰ
1456 2604 1559 2635 τούτου
1571 2604 1594 2633 Ι.
1611 2614 1631 2642 p
1647 2606 1679 2635 3.
1696 2614 1710 2632 s

997 2657 1028 2682 1.
1046 2664 1075 2683 ν.
1093 2653 1191 2683 Bekk.

1564 1400 1618 1430 w.
1641 1408 1701 1438 κες-

678 2757 833 2795 ΚΑΤΑ
866 2758 1281 2797 ΔΙΟΓΕΙΤΟΝΟΣ.

289 2844 327 2874 Ρ.
346 2846 419 2875 616.
438 2846 470 2876 3.
486 2845 579 2887 εἰδὼς]
595 2845 672 2879 εἰδώς
692 2855 727 2875 τε
748 2855 769 2884 p
789 2847 842 2875 11.
862 2846 962 2875 Bekk.

244 2892 350 2926 ειτηερ.
366 2887 487 2918 δύνονται
503 2889 577 2918 And.
632 2890 738 2919 ιτιτι-ολλίι,
753 2887 840 2929 δεινὰ]
856 2890 962 2918 «πολλοὶ

245 2930 293 2959 καὶ
309 2929 379 2961 δεινὰ
393 2942 409 2960 c
427 2934 458 2962 2.
476 2943 494 2972 p
510 2935 542 2963 3.
560 2935 612 2962 11.
628 2933 734 2963 Bekk.

289 2973 328 3003 P.
346 2976 423 3004 617.
443 2978 474 3005 ⁰2.
498 2975 666 3016 ἀδελφιδῖν]
699 2974 873 3015 θυγατριδῆν
894 2985 911 3004 c
930 2977 961 3005 2.

243 3026 265 3055 p
280 3019 332 3048 11.
353 3017 451 3048 Bekk.
514 3021 544 3049 3.
560 3018 669 3053 δεηθεὶς
683 3018 853 3059 ἂμφοτέςων
865 3029 887 3058 p
908 3021 960 3049 11.

1000 2845 1100 2875 Bekk.
1178 2848 1210 2875 4.
1222 2844 1287 2876 τοὺς
1303 2841 1415 2882 φίλους]
1431 2841 1532 2875 αὐτοὺς
1548 2840 1608 2873 τοῖς
1622 2839 1713 2879 φίλοις

996 2899 1017 2927 p
1035 2892 1087 2917 11.
1104 2887 1208 2917 Bekk.
1252 2886 1337 2916 Ibid.
1353 2884 1478 2925 διαιτᾷν]
1496 2883 1606 2913 δίαιταν
1621 2894 1642 2922 p
1660 2886 1712 2912 11.

997 2931 1103 2961 Bekk.
1148 2932 1179 2961 5.
1195 2929 1223 2959 δὲ
1241 2930 1292 2970 Δ.]
1309 2928 1337 2958 δὲ
1353 2929 1365 2958 ὁ
1380 2935 1447 2967 Δ.ρ
1461 2931 1514 2958 11.
1531 2926 1634 2958 Bekk.
1681 2928 1712 2956 6.

996 2973 1168 3013 ἔξηλεγκτο]
1185 2971 1362 3013 ἐξηλέγχετο
1377 2983 1397 3012 p
1422 2974 1473 3000 11.
1489 2971 1593 3000 Bekk.
1680 2971 1713 2998 8.

996 3017 1165 3058 ὑπομεῖναι]
1180 3014 1390 3055 καθυπομένειν
1401 3026 1422 3055 p
1441 3018 1492 3045 11.
1554 3015 1584 3043 9.
1599 3013 1714 3052 μίλλον
