1901 3244
489 505 582 554 AD
618 503 998 554 VARIANTES
1033 503 1402 554 LECTIONES

754 625 1135 668 PRAEFATIO.
1264 597 1268 601 ⁶

279 851 516 891 RECENsto
548 853 742 892 Codicum
769 859 809 891 et
838 854 1187 903 manuscriptorum
1219 858 1259 890 et
1289 852 1573 902 impressorum,
1603 850 1669 899 qui

225 912 456 963 laudantur3
487 920 527 953 et
546 916 661 953 Notae
680 915 820 965 quibus
841 915 959 965 aliqui
977 914 1167 965 designati
1190 921 1290 951 sunt.

594 1016 829 1054 CODICES
857 1015 1011 1053 REGII
1041 1014 1293 1052 PARISINI.

277 1112 305 1149 p
333 1104 371 1136 1.
407 1103 524 1138 3033.
554 1100 690 1138 Codex
713 1100 953 1146 chartaceus,
977 1111 1054 1149 quo
1080 1098 1179 1136 inter
1204 1097 1277 1135 alia
1302 1096 1523 1135 continetur
1541 1096 1668 1146 Lysiae

223 1173 296 1209 pro
313 1162 420 1199 caede
434 1163 699 1200 Eratosthenis
718 1163 920 1212 Apologia.
959 1161 998 1198 Is
1018 1160 1152 1198 Codex
1174 1172 1286 1197 manu
1299 1158 1454 1196 Ioannis
1470 1157 1670 1195 Maludani

225 1228 402 1259 exaratus
422 1229 492 1260 est.

276 1295 303 1331 p
321 1287 359 1320 2.
386 1286 489 1321 2939
520 1285 568 1320 A.
587 1283 721 1320 Codex
736 1282 980 1326 chartaceus,
998 1281 1141 1318 saeculo
1158 1281 1255 1318 XIV
1272 1286 1465 1324 exaratus,
1481 1292 1558 1329 quo
1580 1291 1670 1316 con-

223 1343 394 1380 tinentur
407 1345 530 1393 Lysiae
545 1344 753 1381 Orationes
772 1348 807 1380 1.
824 1344 897 1379 Pro
914 1343 1022 1380 caede
1038 1342 1314 1386 Eratosthenis,
1330 1345 1367 1378 2.
1399 1342 1444 1377 In
1458 1340 1668 1385 Simonem,

220 1405 259 1438 3.
283 1404 341 1441 De
363 1404 516 1440 vulnere
535 1417 581 1440 ex
601 1404 787 1441 industria
806 1402 927 1449 illato,
951 1407 988 1439 4.
1010 1403 1070 1439 De
1099 1415 1218 1439 sacrae
1243 1401 1354 1438 olivae
1374 1407 1526 1446 trunco,
1546 1404 1585 1437 5.
1606 1400 1666 1437 Ad

220 1462 427 1501 familiares
447 1465 741 1508 obtrectatores,
755 1467 792 1500 6.
815 1463 891 1500 Pro
911 1463 1046 1506 milite,
1064 1466 1101 1502 ’7.
1124 1462 1222 1498 Duae
1243 1461 1426 1498 adversus
1447 1460 1664 1497 Theomne-

221 1530 336 1568 stum,
359 1529 397 1562 8.
419 1525 613 1562 Adversus
635 1525 944 1568 Eratosthenem,
967 1528 1004 1560 9.
1025 1523 1215 1560 Adversus
1237 1524 1463 1571 Agmatum,
1484 1525 1547 1558 10.
1566 1521 1666 1558 Duae

220 1583 401 1621 adversus
415 1585 671 1628 Alcibiadem,
692 1588 755 1620 11.
772 1583 967 1620 Adversus
982 1583 1250 1626 Pancleonem,
1266 1585 1330 1618 12.
1346 1581 1404 1617 Ad
1420 1581 1667 1627 delationem,

219 1644 341 1693 quod,
355 1658 442 1681 cum
459 1645 598 1694 aliquis
611 1645 800 1693 impotens
815 1657 890 1681 non
904 1649 1018 1688 esset,
1036 1656 1057 1680 a
1074 1643 1225 1692 Repub.
1242 1642 1443 1692 pecuniam
1459 1643 1667 1692 acciperet,

220 1708 284 1742 13.
307 1705 381 1742 Pro
403 1706 635 1752 Mantitheo,
658 1710 718 1742 14.
741 1705 801 1743 De
823 1705 995 1755 pecuniis
1016 1704 1238 1755 publicatis.

273 1778 299 1814 p
326 1769 363 1802 3.
394 1770 512 1804 2944.
543 1767 677 1804 Codex
705 1767 945 1811 chartaceus,
965 1766 1108 1803 saeculo
1136 1766 1210 1802 XV
1238 1771 1428 1809 exaratus,
1457 1778 1536 1814 quo
1566 1765 1667 1803 iuter

220 1825 294 1862 alia
310 1827 570 1871 continentur,
588 1831 624 1865 1.
646 1827 785 1864 Oratio
802 1828 983 1866 adversus
1005 1821 1217 1871 Philonem,
1240 1830 1277 1863 2.
1296 1826 1422 1876 Lysiae
1439 1827 1527 1863 Vita
1540 1839 1561 1863 a
1578 1827 1665 1863 Plu-

219 1886 368 1931 tarcho,
391 1893 430 1923 ut
451 1888 607 1936 quidam
636 1889 893 1937 contendunt,
914 1895 955 1925 ut
980 1887 1057 1931 alii,
1080 1900 1102 1924 a
1128 1887 1317 1937 Dionysio
1344 1887 1471 1924 Halic.
1493 1887 1665 1924 conscri-

217 1951 309 1994 pta.v
330 1947 427 1984 Nam
448 1949 499 1984 ita
519 1961 559 1985 se
576 1949 693 1986 habet
712 1949 748 1985 in
770 1949 905 1985 codice
925 1948 1054 1986 titulus
1076 1948 1263 1985 Graecus:
1292 1947 1444 1985 Λυσίου
1462 1946 1549 1994 βίος
1562 1951 1667 1997 παρά

216 2005 477 2059 Πλουτάρχον
504 2010 617 2059 ἕτεροι
646 2008 681 2045 de*
710 2011 986 2057 ἀντιλέγουσιν,
1012 2009 1067 2045 ὅτι
1092 2008 1237 2059 ’έγραφη
1263 2009 1364 2056 παρά
1383 2007 1576 2045 Διονυσίου
1604 2015 1666 2046 τοῦ

212 2066 555 2116 Ἀλικαρνασσέως.
614 2068 718 2106 Male
739 2082 844 2114 saue,
868 2069 1058 2118 siquidem
1084 2074 1237 2107 constat
1261 2067 1334 2104 hoc
1360 2080 1459 2117 opus
1486 2081 1568 2106 esse
1589 2081 1664 2106 non

217 2125 430 2173 Plutarchi,
446 2129 512 2166 sed
535 2129 722 2178 Dionysii.

269 2199 295 2235 p
314 2192 352 2224 4.
380 2191 499 2225 2989.
530 2189 666 2226 Codex
679 2189 919 2234 chartaceus,
934 2189 1079 2227 saeculo
1095 2188 1211 2225 XVII
1229 2194 1421 2234 exaratus,
1436 2188 1501 2237 qui
1517 2194 1664 2236 partem

218 2247 390 2294 politicae
411 2250 593 2286 orationis
612 2250 798 2294 continet,
821 2262 939 2298 usque
961 2249 1008 2285 ad
1031 2262 1143 2285 voces
1161 2262 1170 2286 z
1201 2249 1427 2298 συμμάχους
1445 2247 1584 2285 ἔσεσθε.

271 2319 298 2354 p
319 2311 355 2344 ὃ.
388 2312 505 2349 3017.
535 2309 668 2346 Codex
694 2308 834 2358 partim
858 2309 1114 2358 bombycinus
1134 2309 1270 2357 partim
1292 2308 1534 2355 chartaceus,
1554 2309 1664 2357 cujus

218 2378 306 2414 pars
336 2367 439 2415 prior
463 2369 606 2405 saeculo
635 2369 749 2413 XIII,
771 2382 862 2418 pars
888 2370 1006 2406 altera
1032 2370 1173 2406 saeculo
1195 2369 1291 2405 XIV
1313 2375 1467 2406 exarata
1485 2375 1563 2414 est;
1597 2371 1663 2419 qui

218 2425 318 2462 inter
337 2428 410 2464 alia
429 2428 546 2466 habet
566 2429 781 2466 Funebrem
803 2430 928 2480 Lysiae
948 2429 1172 2466 orationem.

271 2500 298 2535 p
318 2493 356 2525 6.
387 2491 506 2526 2489.
536 2489 670 2526 Codex
691 2490 915 2528 chartaceus
938 2490 1069 2527 saeculi
1091 2491 1201 2536 XVI,
1222 2503 1300 2540 quo
1326 2490 1425 2528 inter
1444 2490 1516 2528 alia
1536 2491 1661 2528 conti-

218 2553 330 2590 netur
351 2549 540 2586 Funebris
559 2551 686 2599 Lysiae
706 2552 845 2589 oratio.

270 2621 296 2658 p
316 2613 354 2648 7.
385 2614 504 2649 2992.
533 2610 666 2648 Codex
687 2611 926 2660 chartaceus,
941 2626 1075 2651 recens
1089 2612 1260 2662 quidem,
1278 2613 1344 2651 sed
1363 2615 1455 2650 satis
1470 2613 1663 2661 eleganter

218 2674 419 2708 exaratust
450 2677 612 2708 exeunte
641 2672 784 2709 saeculo
806 2673 896 2720 XV,
920 2674 979 2711 vel
1006 2674 1159 2711 ineunte
1186 2674 1333 2712 saeculo
1359 2674 1468 2718 XVI,
1497 2673 1660 2723 scriptus

217 2727 380 2770 videtur.
413 2731 596 2769 Continet
615 2733 713 2770 inter
731 2734 804 2770 alia
822 2735 930 2783 plura
950 2735 1162 2773 Funebrem
1183 2736 1308 2786 Lysiae
1328 2725 1553 2773 orationem.

270 2799 298 2837 p
320 2793 358 2826 8.
389 2794 500 2832 1657.
533 2792 667 2834 Codex
691 2793 919 2836 chartaceus
947 2795 1079 2833 saeculi
1100 2796 1209 2841 XVI,
1231 2795 1296 2845 qui
1321 2797 1418 2832 inter
1445 2795 1519 2832 alia
1545 2796 1661 2833 habet

218 2849 396 2944 lgionysii
419 2853 547 2892 Halic.
571 2854 620 2892 de
645 2855 813 2905 antiquis
837 2857 1068 2896 Oratoribus
1087 2857 1294 2906 judicium,
1314 2870 1360 2894 ac
1388 2857 1592 2906 speciatim
1611 2857 1659 2895 de

252 2922 346 2958 ysia.
