1839 3229
243 187 268 226 2
800 186 836 228 Ι.
868 185 1131 228 TAYLORI

239 290 383 328 meritis
404 291 453 329 ad
476 304 536 329 me
554 305 712 342 quoque
734 292 902 342 pertinet
920 293 1031 330 istius
1050 290 1264 342 disciplinae
1282 289 1487 340 professio.
1544 290 1604 328 Ita
1626 289 1693 328 ho-

239 352 314 398 die,
336 366 423 390 cum
444 367 490 391 ex
508 360 640 391 nostro
660 353 830 403 ingenio,
855 361 933 392 tum
955 367 1001 391 ex
1022 353 1185 392 aliorum
1213 351 1411 398 institutis,
1431 351 1479 390 ad
1499 365 1545 389 ea
1564 351 1694 390 studia

239 413 394 452 detrudi
414 428 475 452 me
497 421 535 452 et
556 414 665 464 quasi
687 414 884 464 compingi
904 414 1031 461 video,
1053 427 1140 464 quae
1160 414 1289 464 (siqua
1309 419 1366 451 est
1386 413 1424 451 in
1444 413 1564 451 literis
1592 425 1693 464 prae-

237 475 411 526 rogativa
432 475 674 526 displicendi,
703 489 830 526 neque
850 476 1027 514 certatim
1047 476 1271 526 frigescant)
1291 481 1328 513 et
1354 475 1454 514 serio
1485 475 1693 525 displicent

236 543 275 574 et
296 536 506 586 frigescunt
529 538 705 575 maxime.
764 538 945 575 Miseram
972 551 1061 575 sane
1088 537 1352 575 conditionem
1382 537 1440 574 vel
1469 536 1602 574 tuendi
1632 536 1693 574 vel

235 598 398 635 ornandi
419 599 715 648 Rempublicam
735 599 964 638 literariam!
997 611 1085 648 quae
1108 599 1138 636 si
1159 612 1219 636 me
1241 597 1403 636 fortasse
1425 598 1548 635 minus
1564 597 1692 636 deter-

236 666 332 705 reat,
354 660 634 711 subagrestem,
657 661 750 698 meis
768 661 942 699 moribus
963 660 1163 706 viventem,
1179 667 1217 698 et
1237 660 1376 698 durum
1397 659 1446 697 ad
1466 672 1691 709 magnorum

236 721 554 772 pollicitationes,
580 722 805 759 nonnullam
824 729 953 759 tamen
975 722 1242 771 aegritudinem
1259 723 1383 767 affert,
1400 734 1514 772 posse
1533 720 1691 771 publice

237 782 446 821 hebescere
466 783 590 821 aciem
610 784 820 831 literarum,
835 790 873 821 et
889 783 1295 834 praestantissimorum
1309 783 1505 820 hominum
1522 782 1690 820 studium

235 844 393 890 tardari,
413 859 500 883 cum
522 859 569 883 ex
590 845 648 882 his
670 846 790 883 literis
810 859 857 883 ue
878 844 1056 882 minimus
1074 845 1134 882 ille
1151 845 1327 895 capiatur
1342 845 1490 883 fructus
1511 843 1635 882 laudis
1651 851 1691 882 et

235 906 548 952 existimationis,
580 921 694 958 quem
721 921 874 959 semper
902 921 1107 953 summum,
1137 907 1254 946 hodie
1279 907 1359 945 sere
1395 906 1518 944 solum
1549 905 1691 944 eruditi

235 974 462 1016 exspectare
484 968 695 1018 potuerint,

289 1029 388 1072 Quae
417 1043 504 1067 cum
539 1030 589 1067 sit
619 1029 776 1080 publica
801 1029 958 1068 fortuna
986 1029 1079 1068 artis
1110 1036 1264 1076 nostrae,
1286 1036 1404 1078 atque
1424 1029 1568 1066 interea
1587 1027 1693 1065 domi

237 1091 391 1135 babeat,
420 1090 526 1141 quod
553 1090 751 1141 impendio
780 1105 863 1130 esse
896 1092 1020 1142 possit
1048 1095 1123 1142 (est
1150 1091 1249 1128 enim
1281 1090 1477 1128 literarum
1508 1091 1692 1128 varietate

234 1165 334 1200 pene
356 1152 506 1190 infinita
529 1158 567 1190 et
588 1153 789 1190 severitate
812 1153 1093 1199 inclementior,
1116 1166 1203 1191 cum
1223 1158 1362 1191 ceterae
1390 1151 1471 1189 fere
1502 1165 1633 1189 omnes
1654 1151 1692 1189 in

232 1214 379 1252 ambitu
410 1228 481 1252 suo
510 1215 723 1252 arctissime
745 1215 1030 1262 contineantur,
1057 1228 1182 1265 neque
1212 1214 1261 1252 ad
1291 1213 1437 1251 alienos
1459 1212 1554 1250 fines
1576 1212 1689 1251 facile

233 1280 471 1325 excurrant),
493 1277 618 1315 mirari
639 1290 790 1315 mecum
813 1277 931 1322 soleo,
960 1277 1061 1314 unde
1087 1277 1235 1328 optima
1264 1288 1433 1326 quaeque
1462 1274 1613 1325 ingenia
1642 1274 1692 1312 ad

235 1338 318 1376 haec
351 1338 479 1376 studia
505 1339 668 1377 accendi
702 1339 863 1376 maxime
893 1339 1053 1384 soleant,
1084 1338 1182 1376 etin
1203 1337 1398 1375 communi
1420 1336 1606 1374 bonarum
1627 1349 1688 1374 ar-

234 1399 328 1437 tium
351 1399 553 1452 naufragio
573 1400 693 1439 serius
717 1400 1018 1450 restinguantur.
1077 1399 1222 1437 Nescio
1242 1397 1356 1442 enim,
1374 1410 1502 1435 annon
1522 1411 1569 1435 ex
1584 1398 1689 1435 omni

233 1461 464 1511 antiquitate
491 1475 657 1499 summos
687 1461 860 1499 homines
890 1461 947 1498 vel
978 1461 1217 1499 abundantia
1245 1459 1434 1498 doctrinae
1463 1460 1521 1497 vel
1546 1460 1690 1511 ingenii

234 1522 417 1560 felicitate
435 1523 651 1574 Disciplina
664 1531 793 1561 nostra
814 1523 1006 1560 extulerit.
1066 1523 1163 1560 Cum
1185 1528 1223 1560 et
1244 1521 1280 1559 in
1298 1523 1371 1559 hoc
1388 1521 1473 1572 ipso
1494 1522 1688 1560 literarum

235 1582 334 1620 flexu
356 1584 567 1622 Academia
587 1592 734 1630 nostra,
756 1591 798 1622 ut
816 1585 854 1622 in
875 1584 993 1629 omui,
1016 1584 1067 1621 ita
1090 1584 1126 1620 in
1148 1584 1219 1621 hac
1241 1582 1440 1634 praecipue
1460 1583 1686 1621 eruditionis

234 1652 343 1695 parte
365 1647 550 1683 maximos
576 1647 677 1684 viros
697 1652 737 1684 et
756 1647 861 1684 omni
883 1645 1081 1695 praeconio
1103 1645 1241 1695 dignos
1272 1645 1476 1683 informare
1507 1652 1546 1683 et
1570 1658 1686 1683 exco-

232 1707 310 1744 lere
332 1720 407 1744 non
428 1707 596 1752 destitit;
613 1707 830 1745 Bentleium
848 1714 1070 1757 utrumque,
1087 1706 1287 1751 Haraeum,
1306 1707 1542 1756 Mangeium,
1558 1707 1686 1744 Thirl-

234 1768 375 1819 baeum,
398 1770 610 1814 lVasaeum,
637 1769 875 1815 Pearcaeum‚
899 1768 1134 1817 Walkerum,
1159 1767 1452 1814 Marklandum,
1482 1768 1688 1816 Jortinum,

232 1831 424 1881 aliosque,
448 1844 614 1881 quorum
641 1831 797 1881 publice
817 1831 1062 1868 conticentur
1082 1829 1253 1880 nomina,
1271 1831 1403 1868 merita
1423 1830 1588 1869 maxima
1609 1844 1686 1868 non

232 1892 472 1942 ignorantur.

286 1955 429 1992 Verum
450 1968 496 1992 ex
513 1955 749 1994 nostratibus
769 1968 880 1993 nemo
896 1955 988 2001 fere,
1008 1961 1074 1992 aut
1095 1954 1181 2000 hoc,
1195 1960 1261 1992 aut
1280 1954 1542 2005 superioribus
1562 1968 1686 1993 saecu-

233 2017 278 2054 lis
301 2016 339 2055 in
357 2017 669 2067 Jurisprudentia
690 2017 824 2055 Attica
841 2023 959 2068 atque
977 2016 1208 2054 Oratoribus
1226 2016 1379 2054 Graecis
1399 2029 1556 2066 operam
1578 2030 1688 2054 suam

233 2079 412 2128 locaba13
443 2079 480 2116 in
513 2079 655 2130 quibus
686 2085 829 2124 tamen,
856 2079 886 2116 si
912 2078 1171 2116 eruditionem
1204 2083 1371 2127 spectes,
1406 2078 1570 2115 maximo
1597 2091 1684 2116 cum

234 2139 363 2177 fructu
386 2140 505 2177 locari
525 2146 689 2190 poterat.
747 2145 771 2160 “
794 2141 852 2177 Ex
869 2140 1006 2177 horum
1029 2139 1239 2176 Oratorum
1259 2138 1415 2189 scriptis
1435 2151 1511 2176 non
1533 2138 1687 2189 antiqui

233 2207 384 2239 tantum
413 2200 685 2239 Jurisconsulti
716 2201 881 2238 Romani
911 2200 1161 2251 profecerunt
1186 2199 1404 2250 plurimum,
1432 2199 1499 2237 sed
1521 2205 1610 2250 post
1629 2200 1686 2237 in-

233 2268 421 2302 stauratas
441 2264 570 2302 literas
592 2264 763 2301 Budaeus
793 2263 1004 2313 praesertim
1025 2268 1063 2299 et
1083 2261 1146 2300 alii
1176 2275 1265 2299 suos
1295 2261 1437 2299 fundos
1468 2261 1686 2312 irrigarunt.

235 2325 365 2363 Hodie
403 2339 501 2376 pene
531 2327 614 2376 ipsa
651 2325 806 2363 nomina
837 2326 1076 2375 ignorantur.
1134 2325 1300 2361 Tantum
1333 2323 1456 2361 invisa
1489 2323 1685 2373 quondam

234 2387 438 2425 Barbaries
458 2388 673 2425 amatnrss'*
730 2388 814 2424 Imo
834 2399 1007 2436 eousque
1032 2386 1326 2437 ignorabantur,
1353 2391 1409 2430 ut,
1430 2398 1516 2422 cum
1537 2385 1586 2422 ad
1609 2385 1686 2435 Ly-

233 2450 325 2486 siam
344 2450 610 2488 recudendum
627 2450 789 2494 accessi,
815 2449 944 2487 statim
966 2449 1083 2494 sensi,
1104 2462 1180 2486 non
1202 2448 1408 2499 pauciores
1427 2446 1505 2485 fere
1525 2447 1573 2485 ad
1591 2448 1686 2485 Edi-

233 2511 375 2549 tionem
394 2512 693 2561 promovendam
715 2512 905 2549 excitasse
925 2524 1019 2548 meae
1049 2510 1264 2548 sedulitatis
1282 2516 1322 2547 et
1341 2508 1570 2547 constantiae
1604 2510 1686 2547 exi-

233 2573 506 2619 stimationem,
523 2586 637 2623 quam
653 2579 720 2610 aut
732 2573 846 2610 Tanti
860 2572 1025 2610 nominis
1040 2572 1396 2616 celebritatem,aut
1410 2584 1497 2608 cum
1517 2571 1685 2608 hominis

232 2635 335 2672 fama
355 2641 393 2672 et
412 2635 565 2684 scriptis
580 2634 917 2672 consuetudinem.

286 2697 400 2735 Unde
422 2703 526 2734 tanta
548 2697 703 2734 Incnria
728 2696 936 2746 occupavit
956 2697 1055 2733 hanc
1076 2695 1268 2733 literarum
1290 2701 1453 2745 partem,
1485 2707 1573 2744 quae
1604 2701 1682 2732 tam

233 2758 419 2808 insignem
460 2758 664 2795 utilitatem
700 2771 832 2795 secum
868 2758 995 2802 affert,
1028 2757 1127 2794 inter
1165 2756 1347 2806 plurimas
1386 2756 1485 2793 hanc
1512 2756 1682 2805 aliquam

232 2820 422 2858 rationem
453 2833 536 2858 esse
568 2820 757 2857 arbitror:
802 2819 966 2864 scilicet,
1007 2818 1112 2868 quod
1146 2818 1280 2855 barum
1313 2818 1558 2862 Orationum,
1593 2831 1681 2868 quae

233 2880 571 2928 circumferuntur,
603 2881 861 2931 Exemplaria,
895 2893 1019 2929 neque
1055 2893 1099 2916 ea
1131 2886 1259 2916 tamen
1292 2878 1405 2917 facile
1443 2879 1571 2930 obvia,
1609 2879 1682 2917 La-

568 2976 585 2993 *
602 2975 733 3005 Boecler.
752 2974 789 3003 ‹le
807 2974 1015 3013 Scriptoribus
1038 2973 1158 3002 Graecis
1176 2979 1202 3002 et
1226 2973 1347 3003 Latinis.
