1839 3229
231 195 311 236 120
789 198 824 242 Ι.
857 199 1114 243 TAYLORI

226 309 302 333 nna
318 300 523 335 emendem.
571 300 707 336 Exstat
729 306 851 339 autem
877 317 961 350 pag.
979 306 1079 340 Edit.
1099 304 1224 349 steph.
1241 307 1297 338 34.
1317 304 1483 339 ineunte:
1511 306 1628 339 Καίτοι
1646 305 1687 340 οὖ

224 354 348 398 δήπου,
374 352 399 389 ὦ
417 358 591 399 Αθηναῖοι,
611 359 874 403 ὀστρακισθῆναι
897 364 958 404 μὲν
980 362 1167 403 ἐπιτήδειός
1192 361 1266 404 εἰμι,
1282 360 1441 393 τεθνάναι
1454 359 1486 392 δὲ
1503 362 1562 393 οὐκ
1581 362 1687 399 ἄξιος·

224 410 297 443 οὐδὲ
314 413 507 455 κρινόμενος
526 416 599 456 μὲν,
617 414 816 457 ἀποφυγεῖν,
834 417 967 459 ἄκριτος
989 417 1033 456 δὲ,
1049 418 1192 460 φεύγειν.
1211 416 1227 448 ὁ
1245 415 1276 447 δὲ
1293 414 1441 457 (rectius
1458 415 1547 457 οὐδὲ)
1564 428 1686 448 τοσαυ-

223 465 317 504 τάκις
339 466 588 510 ἀγωνιζόμενος
607 468 738 507 δικαίως
765 469 804 511 (l.
829 469 965 511 ἀδίκως)
981 474 1034 504 καὶ
1061 472 1213 511 νικήσας,
1236 470 1343 502 πάλιν
1364 469 1493 512 δόξαιμι
1514 469 1552 502 δι’
1575 471 1686 502 ἐκεῖνα

222 519 387 553 ἐκπεσεῖν.
414 522 505 553 ἀλλὰ
527 524 590 565 γὰρ
617 523 697 562 ἰ’σως
723 526 806 567 μετὰ
823 528 940 568 μικρᾶς
957 525 1120 568 διαβολῆς
1149 527 1169 565 ὴ
1193 525 1331 568 φαύλων
1354 524 1562 566 κατηγόρων,
1585 526 1606 563 ἡ
1632 523 1686 556 διὰ

222 578 292 608 τῶν
318 577 553 619 ἐπιτυχόντων
578 579 709 621 ἐχθρῶν
733 579 956 624 ἐκινδύνευον,
972 581 1049 613 ἀλλ’
1075 582 1113 613 οὐ
1142 580 1195 612 διιὶ
1216 583 1284 612 τῶν
1310 578 1606 622 ὲῤῥωμενεστάτων
1631 579 1687 611 καὶ

221 629 332 673 λέγειν
343 632 397 663 καὶ
409 634 581 674 πράττειν·
598 631 720 672 οἵτινες
736 634 794 666 δύο
809 638 877 668 τῶν
893 637 960 675 τὴν
976 637 1088 677 αὐτὴν
1099 636 1213 668 αἰτίαν
1224 636 1375 677 ἐχόντων
1386 634 1455 676 ἐμοὶ
1469 633 1685 666 ἀπέκτειναν.

220 682 359 717 Verum
383 688 425 718 ut
448 685 617 720 disertius
646 688 861 731 explicetur,
884 690 1191 733 quemadmodum
1214 700 1268 730 ea,
1285 699 1368 732 quae
1392 697 1474 720 eum
1497 687 1688 720 Andocide

221 743 398 782 pugnant,
423 740 566 774 Phaeaci
590 745 797 786 competere
823 743 1026 784 videantur,
1052 744 1121 787 (l.)
1145 744 1257 787 liquet
1281 744 1397 786 primo
1417 752 1465 775 ex
1491 740 1687 775 Plutarcho

219 791 256 825 in
273 793 476 836 Alcibiade,
493 798 530 827 et
548 795 665 837 Nicia,
682 797 859 841 disputari
879 799 963 832 olim
983 799 1028 832 de
1045 798 1254 832 ostraeismo
1280 798 1375 831 inter
1394 805 1598 837 PHAEACEM,
1625 805 1688 830 AL-

220 857 423 893 mmmm,
442 854 479 884 et
494 861 645 887 meram.
676 854 857 889 Plutarch.
890 856 992 890 Edit.
1012 856 1147 900 Bryan.
1169 858 1256 889 tom.
1275 857 1362 897 21).
1382 857 1438 887 16.
1464 854 1527 887 ubi
1544 854 1687 892 dicitur.

219 902 459 945 Alcibiadem,
479 915 564 938 cum
590 907 743 948 primum
771 911 815 939 ml
848 911 976 950 Rmnp.
1008 910 1173 944 accressit,
1199 912 1347 942 nactum
1365 919 1442 940 esse
1466 909 1688 942 adversarios

219 957 311 991 duos
330 968 404 1001 prae
429 960 583 999 caeteris,
608 958 800 992 Phaeaeem
821 959 1027 993 Erasistrati
1053 963 1090 993 et
1116 959 1259 992 Niciam
1281 958 1466 994 Nicerati:
1496 961 1686 996 Phaeacem

219 1021 302 1045 cum
330 1013 366 1045 iu
392 1012 469 1045 aliis
495 1013 616 1055 rebus,
645 1016 722 1047 turn
748 1014 784 1047 in
814 1015 973 1048 oratione
1002 1015 1164 1048 maxime
1193 1012 1374 1047 Alcibiadi
1399 1016 1539 1050 cedere.
1589 1016 1684 1051 Nam

218 1076 425 1110 quanquam
454 1077 503 1100 ex
527 1078 571 1100 eo
599 1068 691 1110 loco,
715 1079 822 1112 quem
849 1070 885 1102 in
917 1069 1004 1113 Rep.
1025 1069 1152 1108 tenuit,
1170 1079 1319 1101 necesse
1342 1069 1421 1112 suit,
1446 1072 1487 1103 ut
1511 1071 1685 1114 populum

216 1129 478 1164 nonnunquam
498 1122 673 1156 concione
691 1125 937 1167 compellaret,
962 1125 1042 1168 plus
1060 1127 1181 1157 tamen
1199 1133 1341 1167 semper
1358 1124 1394 1157 in
1412 1124 1599 1169 colloquiis
1617 1125 1686 1169 pri-

216 1175 310 1208 vatis
326 1178 363 1208 et
380 1177 607 1209 sermonibus
624 1177 831 1211 domesticis
843 1179 1050 1222 profecisse,
1066 1189 1176 1223 quam
1194 1178 1349 1211 valuisse
1367 1178 1498 1213 forensi
1515 1181 1687 1224 eloquen—

218 1228 280 1271 tia,
298 1232 339 1262 ut
356 1229 402 1263 de
420 1239 463 1262 eo
480 1230 633 1274 Eupolis
650 1233 812 1265 comicus
831 1233 1003 1266 scriberet

548 1305 673 1337 Λαλεῒν
687 1305 835 1349 ἄριστος,
852 1306 1111 1344 ἀδυνατώτατος
1126 1305 1247 1349 λέγειν,

219 1370 331 1405 Hunc
348 1372 458 1416 igitur
474 1373 706 1417 lIIviratum,
726 1376 786 1409 ubi
814 1378 968 1420 populus
990 1376 1034 1410 ad
1062 1376 1231 1409 solatium
1257 1376 1375 1420 potius
1391 1376 1552 1420 invidiae,
1576 1388 1684 1422 quam

217 1426 368 1469 timoris,
387 1428 579 1471 cujusdam
601 1432 801 1475 Hyperboli
820 1432 975 1473 hortatu,
991 1433 1027 1465 in
1045 1432 1163 1465 exsilii
1181 1432 1388 1465 decennalis
1405 1432 1597 1466 discrimen
1619 1433 1686 1467 im-

217 1482 321 1524 pulit,
339 1485 392 1515 καὶ
416 1484 522 1524 δῆλον
539 1482 596 1525 ἦν,
613 1486 663 1519 ὅτι
687 1488 735 1520 ἑνὶ
760 1492 827 1521 τῶν
844 1492 944 1532 τριῶν
972 1490 1010 1521 τὸ
1036 1489 1200 1531 ὄστρακον
1218 1488 1399 1529 ἐποίσουσι,
1419 1487 1536 1520 verbis
1553 1487 1687 1531 ipsissi-

217 1537 285 1569 mis
305 1536 488 1572 Plutarchi
505 1542 595 1579 utor,
607 1539 659 1573 ibi
675 1541 886 1575 Alcibiades
900 1542 1069 1576 adunatis
1081 1541 1240 1575 consiliis
1256 1552 1337 1574 cum
1357 1540 1477 1581 Nicia,
1493 1542 1562 1582 vel,
1574 1541 1687 1586 juxta

216 1590 319 1632 alios,
348 1604 429 1626 eum
454 1594 623 1637 Phaeace,
647 1600 785 1630 metum
804 1608 947 1631 omnem
973 1600 1010 1631 et
1035 1597 1234 1641 periculum
1260 1596 1296 1629 in
1324 1597 1574 1640 Hyperbolum
1599 1608 1685 1630 eon--

215 1647 325 1680 vertit
342 1648 428 1682 nihil
452 1650 522 1683 tale
548 1651 782 1694 cogitantem.
833 1654 915 1687 Non
934 1654 1028 1686 enim
1056 1653 1092 1686 in
1114 1652 1276 1685 homines
1295 1655 1358 1684 aut
1379 1652 1531 1686 obscuro
1556 1663 1687 1695 genere

214 1704 319 1733 natos
336 1704 400 1735 aut
416 1702 565 1738 infamia
582 1706 703 1750 aliqua
722 1706 950 1747 constrictos,
968 1707 1030 1740 sed
1049 1707 1084 1740 in
1104 1716 1263 1740 summos
1280 1706 1418 1750 ubique
1435 1709 1471 1739 et
1489 1706 1623 1750 populo
1639 1706 1686 1739 ob

215 1754 376 1788 fortunas
403 1760 468 1790 aut
495 1761 694 1802 potentiam
725 1761 964 1805 suspectiores
991 1762 1026 1795 id
1057 1771 1173 1804 genus
1197 1770 1322 1805 poenae
1349 1771 1492 1804 semper
1516 1760 1686 1803 cadebat,

215 1809 314 1842 unde
332 1809 377 1843 dc
395 1811 611 1856 Hyperbolo
630 1815 735 1849 Plato
755 1816 940 1856 Comicus,

544 1894 662 1925 Καίτοι
680 1892 835 1936 πέπραχε
853 1896 922 1925 τῶν
940 1891 1076 1935 τρόπων
1093 1894 1154 1935 μὲν
1171 1892 1260 1929 ἄξια,

546 1949 658 1979 Αὑτοῦ
676 1949 707 1981 δὲ
727 1950 780 1980 καὶ
797 1952 865 1978 τῶν
883 1948 1076 1988 στιγμάτων
1095 1947 1230 1985 ἀνάξια,

544 2002 591 2031 Oi!
611 2003 675 2043 γὰρ
693 2000 855 2032 τοιούτων
874 1998 970 2032 εἵνεκ’
986 1999 1123 2042 ὄστραχ’
1141 1999 1271 2041 εὑρέθη.

217 2066 312 2101 Eum
344 2067 485 2100 exitum
515 2066 642 2100 habuit
666 2067 737 2100 ista
758 2068 956 2108 eontentio,
976 2078 1058 2100 eum
1085 2077 1231 2111 quoque
1262 2067 1298 2098 et
1327 2066 1405 2109 ipsa
1433 2077 1559 2110 poenae
1580 2070 1683 2103 ratio.

217 2119 402 2153 Poenituit
418 2121 514 2154 enim
540 2121 817 2165 Rempublicam
843 2121 1097 2165 Hyperbolum
1123 2120 1304 2154 hominem
1330 2121 1605 2164 nequissimum,
1621 2123 1686 2158 fae-

217 2184 296 2207 cem
315 2175 450 2219 populi,
467 2178 504 2209 et
521 2187 628 2210 eruce
648 2177 775 2219 magis,
794 2186 903 2221 quam
920 2179 1014 2210 testa
1031 2177 1196 2219 dignum,
1212 2185 1255 2208 ea
1268 2185 1391 2219 poenae
1410 2174 1587 2217 dignitate
1602 2187 1686 2211 cen-

217 2229 297 2269 seri,
313 2241 386 2274 qua
403 2231 635 2264 fortissimum
662 2242 847 2276 quemque
870 2232 999 2274 civem,
1025 2229 1323 2270 Themistoclem,
1349 2228 1562 2272 Aristidem,
1587 2234 1684 2265 cete-

215 2294 345 2328 rosque
376 2287 460 2320 olim
488 2286 725 2321 censuissent.
793 2287 936 2321 Desivit
963 2297 1047 2330 ergo
1072 2288 1109 2319 ct
1138 2285 1307 2318 absumta
1332 2285 1387 2317 est
1410 2283 1447 2317 in
1471 2284 1538 2318 hoc
1561 2295 1683 2329 poenae

215 2349 332 2372 errore
351 2351 471 2383 poenae
502 2353 647 2386 quoque
664 2346 804 2383 natura,
821 2352 941 2387 neque
961 2342 1052 2374 ultra
1069 2340 1335 2384 Hyperbolum,
1353 2339 1417 2383 qui
1434 2339 1538 2373 istam
1558 2340 1684 2374 nobili·

215 2393 328 2426 tatem
346 2396 463 2429 exsilii
490 2397 591 2440 quasi
620 2397 884 2430 contaminasse
911 2396 1063 2434 videtur,
1092 2396 1285 2439 quisquam
1311 2394 1403 2427 alius
1432 2393 1682 2428 ostraeismum

214 2448 365 2483 subiisse
392 2451 538 2485 dicitur.
586 2450 655 2496 (2.)
684 2452 856 2486 Secundo
873 2454 1008 2492 autem,
1032 2450 1173 2484 Phaeax
1201 2449 1411 2484 Erasistrati
1437 2459 1558 2493 neque
1575 2449 1685 2484 domo

214 2503 410 2538 admodum
438 2505 580 2546 nobilis,
598 2517 715 2551 neque
737 2506 933 2550 majoribus
956 2507 1085 2547 clarus,
1111 2508 1208 2539 recte
1235 2516 1290 2546 ea,
1319 2515 1401 2548 quae
1428 2503 1537 2546 dixit,
1564 2504 1685 2548 potuit

213 2558 381 2601 proferre.
419 2560 519 2593 Gens
537 2559 747 2594 Erasistrati
770 2562 906 2595 nullum
928 2561 964 2594 in
981 2561 1083 2594 Vett.
1102 2558 1348 2594 monumentis
1365 2558 1578 2602 dignitatem
1597 2569 1683 2593 con·

213 2616 336 2647 secuta
354 2617 426 2655 est;
453 2615 593 2659 primus
609 2619 697 2657 erat,
719 2617 781 2661 qui
805 2616 1017 2657 nobilitavit,
1038 2619 1160 2649 noster
1181 2614 1329 2657 Phaeax,
1347 2613 1452 2657 cujus
1470 2613 1601 2647 deinde
1617 2624 1681 2648 ne-

212 2678 277 2711 pos
293 2679 339 2702 ex
358 2669 464 2703 fratre
482 2670 722 2704 Erasistratus
738 2671 831 2704 inter
850 2671 1072 2705 XXXviros
1088 2671 1197 2704 fuisse
1217 2670 1375 2704 uidetur:
1402 2678 1486 2702 nam
1505 2669 1550 2701 dc
1567 2669 1680 2702 eoin-

211 2723 335 2767 telligo
353 2725 461 2758 verba
475 2725 543 2759 ista
560 2726 720 2759 Platonis
739 2727 774 2759 in
794 2726 943 2769 Eryxia,
960 2726 1040 2759 init.
1090 2726 1345 2769 Ἐτυγχάνομεν
1364 2727 1628 2768 περιπατοῦντες
1643 2724 1681 2757 ἐν

212 2784 256 2825 τῇ
270 2783 356 2825 στοᾷ
372 2783 431 2813 τοῦ
448 2783 524 2820 Διὸς
540 2783 599 2814 τοῦ
614 2781 831 2825 Ἐλευθερίου,
850 2781 915 2824 ἐγώ
932 2795 966 2814 τε
987 2782 1042 2814 καὶ
1063 2781 1217 2824 Ἐρυξίας
1234 2781 1252 2812 ὁ
1280 2779 1454 2823 Στειριεύς·
1481 2776 1554 2811 εἶτα
1576 2791 1682 2823 προσ-

211 2838 350 2877 ελθέτην
366 2836 450 2880 ἡμῖν
467 2836 607 2880 Κριτίας
623 2849 657 2869 τε
674 2837 728 2868 καὶ
752 2836 1013 2879 Ἐρασίστρατος
1033 2837 1051 2869 ὁ
1069 2837 1213 2874 Φαίακος
1230 2837 1286 2867 τοῦ
1302 2833 1565 2877 Ἐρασιστράτου
1582 2834 1680 2867 ἀδελ-

209 2893 332 2936 φιδοῦς·
350 2902 456 2934 quem
476 2892 594 2925 locum
614 2890 797 2934 Inter-pres
813 2890 951 2933 duplici
969 2889 1198 2932 lumbifragio
1215 2887 1367 2927 ornavit,
1384 2886 1517 2920 Critias
1533 2894 1566 2921 et
1581 2887 1677 2921 Era-

208 2946 371 2981 sistratus
381 2945 555 2980 Plzaeaeus
570 2946 690 2990 (quasi
707 2948 802 2978 esset
820 2955 956 2978 nornen>
970 2944 1121 2989 gentile)
1138 2942 1354 2977 Erasistrati
1370 2941 1544 2987 exfratre
1559 2953 1675 2987 nepos.

208 3000 334 3043 Verte,
354 3003 395 3035 ut
413 3000 535 3044 debes,
556 3000 688 3035 Critias
704 3006 738 3033 et
755 2999 997 3034 Erasistratus
1015 2998 1178 3033 Pleceaeis
1195 2996 1410 3031 Erasistrati
1413 2996 1490 3040 filii
1506 2995 1676 3040 exst-atre
