1819 3219
1479 178 1551 234 63

115 308 167 352 ἄν
195 325 256 356 τις
286 307 394 363 εὕροι
424 307 579 347 Λυσίαν
608 306 778 360 τροπικῇ
808 304 950 360 φράσει
981 303 1256 359 χρησάμενον.
1294 307 1358 345 καὶ
1390 303 1462 346 οὐκ
1494 303 1556 344 ἐπὶ

114 374 242 427 τούτῳ
265 373 396 426 μόνον
416 372 590 412 ἐπαινεῖν
611 368 740 417 ἄξιον·
764 368 860 411 ἀλλ’
881 371 940 412 ὅτι
969 372 1032 411 καὶ
1060 368 1221 424 περιττὰ
1241 370 1304 409 καὶ
1337 368 1460 421 σεμνὰ
1494 370 1558 409 καὶ

113 437 272 493 μεγάλα
293 439 505 492 φαίνεσθαι
523 436 572 477 τὰ
591 435 808 490 πράγματα
828 440 945 483 ποιεῖ,
969 438 1058 481 τοῖς
1079 433 1327 480 κοινοτάτοις
1346 434 1559 487 χρώμενος

115 504 301 558 ὀνόμασι,
323 506 385 545 καὶ
401 507 605 551 ποιητικῆς
623 501 705 557 οὐχ
720 501 948 556 ἁπτόμενος
969 506 1222 548 κατασκευῆς.
1254 504 1340 547 τοῖς
1360 496 1400 540 δὲ
1421 500 1560 554 προτέ-

112 585 204 623 ροις
223 568 306 624 οὐχ
326 567 423 616 αὕτη
443 567 467 615 ἡ
490 564 590 613 δόξα
610 568 670 614 ἧν·
695 564 793 607 ἀλλ’
814 568 852 608 οἱ
873 564 1128 622 βουλόμενοι
1146 565 1300 619 κόσμον
1321 561 1410 605 rimi
1431 580 1560 617 προσ-

114 638 228 682 εῖναι,
262 637 350 681 τοῖς
385 631 501 680 ὅλοις
528 629 780 680 ἐξήλλαττον
813 629 986 680 ἰδιώτην,
1021 634 1084 673 καὶ
1117 631 1360 685 κατέφευγον
1399 629 1455 676 εἰς
1486 629 1560 676 τὴν

115 697 323 746 ποιητικὴν
344 697 507 752 φράσιν,
527 694 782 752 μεταβολαῖς
812 714 852 738 τε
872 694 1054 744 πολλαῖς
1075 696 1277 752 χρώμενοι
1296 697 1358 736 καὶ
1379 690 1560 748 ὑπερβο-

113 761 223 811 λαῖς,
249 765 312 804 καὶ
337 768 426 810 ταῖς
456 760 605 810 ἄλλαις
624 766 834 817 τροπικαῖς
860 760 995 813 ἰδέαις,Ι
1022 761 1235 815 ὀνομάτων
1263 777 1304 801 τε
1323 757 1561 814 γλωττημα-
1579 760 1653 798 lxiv

113 831 233 871 τικῶν
255 831 319 871 καὶ
342 826 470 876 ξένων
495 830 653 884 χρήσει,
683 831 747 869 καὶ
775 829 857 870 τῶν
876 828 950 869 οὐκ
977 828 1181 869 εἰωθότων
1203 824 1494 882 σχηματισμῶν
1513 825 1562 879 τῇ

115 892 335 949 διαλλαγῇ,
357 896 421 936 καὶ
441 896 491 949 τῇ
505 892 617 948 ἄλλῃ
638 891 879 948 καινολογίᾳ
907 890 1275 945 καταπληττόμενοι
1294 890 1367 932 τὸν
1389 886 1563 937 ἰδιώτην.

115 958 236 1009 δηλοῖ
256 958 296 1002 δὲ
322 964 442 1002 τοῦτο
470 961 650 1015 Γοργίας
669 976 710 1000 τε
736 960 759 1000 ὁ
780 962 1015 1006 Λεοντῖνος,
1037 958 1079 998 ἐν
1100 955 1280 1004 πολλοῖς
1298 955 1407 997 πάνυ
1428 962 1566 1010 φορτι-

115 1026 190 1073 κήν
209 1043 249 1066 τε
271 1028 334 1066 καὶ
353 1025 581 1080 ὑπέρογκον
601 1025 731 1065 ποιῶν
757 1023 830 1071 τὴν
855 1022 1113 1070 κατασκευὴν,
1135 1025 1198 1063 καὶ
1220 1021 1269 1063 οὗ
1289 1018 1435 1076 πόῤῥω
1457 1017 1566 1061 διθυ-

115 1087 295 1145 ράμβων
315 1088 399 1131 ἐ’νια
419 1089 719 1144 φθεγγόμενος,
737 1090 799 1128 καὶ
819 1088 902 1128 τῶν
918 1085 1069 1128 ἐκείνου
1089 1087 1396 1127 συνουσιαστῶν
1416 1087 1455 1126 οἱ
1474 1088 1567 1140 περὶ

117 1154 336 1207 Λικύμνιόν
356 1170 396 1194 τε
418 1155 480 1194 καὶ
503 1151 672 1193 Πῶλον.
702 1151 833 1205 ἥψατο
861 1149 901 1193 δὲ
921 1154 984 1192 καὶ
1005 1152 1088 1192 τῶν
1111 1149 1312 1206 Ἀθήνῃσι
1333 1149 1521 1205 ῥητόρων
1541 1151 1568 1198 ἡ

114 1219 296 1267 ποιητική
315 1235 356 1258 τε
376 1220 437 1258 καὶ
459 1217 626 1272 τροπικὴ
639 1216 803 1271 φράσις,
820 1216 876 1264 ὡς
894 1218 965 1270 μὲν
985 1216 1152 1270 Τίμαιός
1172 1223 1281 1271 φησι,
1297 1218 1476 1270 Γοργίου
1496 1213 1568 1269 ἅρ-

115 1279 277 1330 ἕαντος,
297 1282 414 1330 ἡνίκα
433 1278 635 1329 Ἀθήναζε
655 1278 899 1337 πρεσβεύων
929 1278 1206 1329 κατεπλήξατο
1225 1281 1322 1328 τοὺς
1343 1278 1569 1327 ἀκούοντας

270 194 353 238 ΕΚ
392 190 546 235 ΤΩΝ
587 188 859 234 MONTE.
903 188 1043 232 ΤΟΥ
1084 190 1383 234 ΑΛΙΚΑΡΝ.

112 1385 317 1427 φιλάνθρωπον
338 1386 385 1416 καὶ
408 1386 536 1416 πλεῖστα
556 1384 704 1425 δυναμένην
718 1385 825 1426 &4223-

115 1440 166 1459 σαι
182 1430 287 1463 λαβών.
303 1428 368 1459 ἔστι
387 1428 415 1459 δὲ
432 1428 489 1464 ήδη,
507 1427 577 1463 τίνες
591 1430 657 1459 εἰσὶν
672 1429 824 1468 ἀξιολογώ-

112 1483 197 1501 τατοι
210 1475 263 1502 τῶν
276 1471 399 1513 ἀρχαίων
410 1472 520 1513 ῥητόρων
528 1482 561 1501 τε
570 1473 617 1501 καὶ
629 1472 825 1512 συγγραφέων,

113 1514 160 1544 καὶ
170 1513 240 1550 τίνες
251 1516 341 1545 αὐτῶν
351 1514 468 1553 ἐγένοντο
481 1515 650 1554 προαιρέσεις
662 1516 711 1544 τοῦ
724 1525 756 1544 τε
769 1512 826 1544 Cion

112 1558 162 1587 καὶ
176 1559 225 1588 τοῦ
240 1558 322 1596 λόγου
336 1558 384 1587 καὶ
399 1557 431 1587 τί
443 1557 510 1597 παρ’
524 1557 639 1597 ἑκάστῳ
655 1558 698 1587 δεῖ
707 1556 824 1596 napae&-

113 1599 188 1631 νεινῆ
203 1602 411 1640 φυλάττεσθαι.
436 1602 495 1630 Sed
508 1602 621 1636 evenit,
638 1605 681 1636 ut,
694 1611 762 1630 cum
775 1601 824 1630 hic

114 1643 253 1681 Lysiam,
269 1643 320 1673 ille
340 1645 462 1678 Isaeum,
485 1643 562 1672 alius
579 1644 669 1672 alium
691 1654 730 1672 ex
750 1644 825 1672 Dio-

115 1685 205 1724 nysio
230 1686 430 1721 exscriberet,
450 1685 571 1715 divulsa
591 1686 655 1715 haec
679 1686 825 1721 tabulata,

115 1732 149 1757 ut
177 1728 207 1757 in
234 1729 389 1768 naufragia
415 1739 522 1768 magna
548 1739 625 1758 nave
655 1728 824 1764 fatiscente,

115 1780 252 1809 quaenam
278 1776 330 1802 aut
361 1772 441 1801 unde
471 1775 574 1801 essent
602 1770 825 1810 ignorarentur.

114 1814 273 1844 TAYLOR.

157 1854 357 1897 Ἀωτόμενος]
380 1856 436 1886 Vel
457 1857 535 1886 forte
558 1855 739 1896 ἁπτομένοις,
756 1855 822 1886 scil.

114 1896 242 1939 ὀνόμασι.
266 1900 483 1929 MARKLAND.

156 1939 240 1971 Ἀλλ’
265 1942 288 1972 οἳ
313 1941 488 1983 Βουλόμενοι]
514 1943 628 1973 Locum
658 1942 704 1972 sic
732 1943 801 1981 lego
815 1953 822 1972 ε

113 1983 183 2013 ἀλλ’
198 1985 219 2014 οἰ
234 1983 393 2024 Βουλόμενοι
409 1985 514 2024 κόσμον
526 1988 587 2016 τινὰ
598 1984 754 2025 προσθεῖναι
765 1987 825 2019 τοῖς

112 2025 203 2065 λόγοις
217 2026 391 2066 ἐξήλλαττον
405 2028 519 2059 ἰδιώτην.
557 2028 622 2061 Τοῖς
644 2027 733 2066 λόγοις
748 2028 825 2067 legit

113 2070 296 2109 Syiburgius
311 2070 401 2100 etiam
415 2072 451 2100 ad
471 2071 601 2111 Dionys.
612 2075 642 2101 et
654 2072 771 2101 Victor.
785 2071 822 2101 ad

113 2112 243 2143 Aristot.
257 2113 385 2144 Rhetor.
407 2113 459 2152 qui
480 2114 571 2144 habet
594 2119 625 2143 et
641 2113 687 2143 τὸν
704 2114 823 2151 ἰδιώτην,

111 2156 227 2194 pariter
243 2160 277 2185 ut
292 2157 391 2192 Cant„
402 2157 501 2187 Wolf.
516 2157 659 2193 ἰδιωτικὴν,
675 2158 756 2187 nulla
770 2168 822 2187 ne-

114 2198 269 2228 cessitate.
292 2199 422 2238 Dionys.
437 2199 519 2229 enim
535 2200 567 2230 in
583 2211 666 2239 seqq.
683 2200 730 2229 οὐκ
744 2198 770 2229 ἐν
781 2200 824 2240 τῷ

113 2240 297 2271 διαλλάττειν
317 2241 434 2277 ἰδιώτην,
449 2241 518 2271 ἀλλ’
541 2242 567 2273 ἓν
587 2243 631 2282 τῷ
651 2242 822 2282 μιμεῖσθαι,

114 2288 146 2313 et
167 2284 250 2319 alibi,
271 2285 321 2316 τὴν
344 2284 409 2324 πρὸς
432 2285 540 2316 ἰδιώτην
559 2284 633 2327 ἔχειν
656 2285 821 2325 ὁμοιότητα.

110 2327 271 2358 TAYLOR.
307 2329 425 2366 Repete
459 2328 605 2366 syllabam
638 2333 820 2367 postremam

112 2369 200 2400 vocis
223 2371 411 2408 penultimae,
436 2368 610 2409 ἐξήλλαττον
632 2370 678 2402 τὸν
703 2372 822 2408 ἰδιώτην,

113 2412 180 2441 scii.
205 2412 293 2450 λόγον.
318 2414 362 2443 sic
386 2413 483 2443 infra:
507 2412 552 2443 τὸν
570 2413 598 2443 δὲ
614 2413 720 2453 κόσμον
736 2415 784 2444 οὐκ
798 2415 822 2444 ἓν

111 2454 154 2493 τῷ
169 2455 353 2487 διαλλάττειν
364 2455 410 2486 τὸν
421 2456 539 2491 ἰδιώτην,
550 2455 618 2485 ἀλλ’
630 2455 656 2487 ἐν
665 2457 707 2496 τῷ
716 2459 822 2497 μιμεῖ-

113 2496 187 2527 σθαι
211 2498 364 2538 λαμβάνει.
402 2500 536 2529 Iterum:
562 2500 642 2533 ἦτῆς
664 2499 823 2534 συνθέσεως

112 2542 168 2569 τῶν
189 2539 331 2578 ὀνομάτων
351 2541 434 2576 ἦδονῆ,
452 2541 619 2582 μιμουμένη
639 2541 686 2573 τᾶν
706 2542 822 2574 ἰδιώτην.

112 2583 206 2622 Diog.
224 2584 363 2614 Laertius
379 2584 536 2624 Stilpone:
558 2584 587 2615 ἦν
603 2584 630 2614 δὲ
653 2585 665 2614 ὃ
684 2583 823 2615 Στίλπων

111 2625 159 2655 καὶ
184 2627 290 2666 ἀφελῆς
313 2627 361 2656 καὶ
384 2625 609 2664 ἀνεπίπλαστος,
631 2627 696 2669 πρός
720 2638 752 2657 τε
776 2627 822 2658 τόν

112 2667 220 2699 ἰδιώτην
245 2669 368 2703 εὔθετος.
393 2670 464 2700 vide
488 2671 616 2701 eundem
638 2671 668 2700 in
685 2671 822 2707 Platone,

112 2711 165 2740 ubi
189 2710 268 2749 λόγος
291 2712 439 2742 dividitur
459 2713 489 2743 in
510 2712 662 2749 πολιτικὸν,
677 2713 822 2755 ῥητορικὸν,

111 2751 253 2790 ἰδιωτικὸν,
268 2759 326 2784 etc.
347 2765 436 2794 quem
458 2761 488 2785 et
510 2755 616 2787 ἰδιώτην
636 2757 751 2796 passim
767 2767 821 2796 ap-

111 2796 226 2833 pellant
241 2798 430 2838 Scriptores:
457 2803 490 2828 ut
507 2809 564 2828 non
581 2810 658 2839 opus
672 2800 715 2829 sit
731 2800 821 2830 Wol-

112 2837 144 2866 fii
159 2839 208 2868 τὴν
222 2839 370 2870 ἰδιωτικήν.
393 2841 611 2872 MARKLAND.
635 2843 672 2872 In
689 2843 738 2872 ed.
756 2843 821 2872 Ro-

112 2879 193 2909 berti
207 2881 364 2921 Stephani,
379 2883 452 2914 Ald.
468 2888 499 2913 et
514 2885 658 2924 Sylburg.
671 2886 758 2915 locus
775 2886 821 2915 sic

111 2921 274 2954 distinctus
283 2925 332 2964 leg
337 2925 396 2955 itur
407 2937 413 2956 :
428 2927 566 2967 προσεῖναι
576 2928 635 2961 τοῖς
644 2926 726 2963 ἕλοις,
739 2926 821 2967 ἐξήλ-

110 2969 217 2996 λαττον
232 2965 349 3000 ἰδιώτην.
384 2969 468 3000 Hinc
482 2969 599 3009 primus
615 2971 762 3011 Sylbnrg.
777 2971 821 3002 le·

858 1387 990 1427 gendum
1017 1386 1135 1417 censuit
1159 1386 1220 1421 τοῖς
1243 1385 1344 1425 λόγοις.
1389 1386 1447 1416 Sed
1470 1387 1567 1416 Henr.

858 1432 1027 1469 Stephanus
1049 1432 1123 1460 bene
1147 1430 1247 1460 locum
1267 1430 1421 1464 distinxit,
1442 1433 1474 1459 ut
1490 1440 1568 1459 nunc

857 1475 971 1513 legitur
998 1475 1079 1513 apud
1101 1473 1264 1512 Taylorum
1285 1478 1317 1503 et
1341 1473 1449 1508 Heid„
1466 1473 1568 1512 posito

858 1522 1007 1546 commate
1023 1521 1094 1556 post
1108 1516 1190 1550 ὅλοις.
1227 1518 1308 1555 Ergo
1325 1516 1410 1545 locus
1426 1525 1482 1545 non
1499 1520 1570 1555 eget

858 1560 1069 1590 emendatione
1090 1561 1149 1593 τοῖς
1171 1558 1253 1594 ἕλοις,
1278 1559 1300 1589 i.
1320 1569 1348 1589 e.
1370 1558 1469 1596 διόλου,
1488 1558 1569 1591 δ’λως.

858 1603 909 1633 Sie
930 1603 1084 1642 Diogenes
1103 1604 1206 1632 Laert.
1217 1603 1255 1631 de
1268 1601 1435 1632 Aristotele
1447 1612 1478 1640 p.
1497 1604 1570 1631 177.

859 1646 908 1674 ed.
920 1646 1026 1684 steph.
1041 1647 1101 1678 τοῖς
1116 1647 1168 1684 γὰρ
1181 1643 1252 1679 ἕλοις
1268 1645 1493 1684 φιλοπονώτατος
1508 1642 1570 1683 ἐγέ-

858 1697 928 1724 νετο,
953 1693 984 1717 et
1009 1688 1089 1726 apud
1111 1688 1199 1724 aiios,
1214 1698 1244 1716 v.
1266 1698 1293 1717 c.
1319 1688 1569 1722 Demosthenem,

860 1741 942 1770 saepe
958 1731 1002 1760 sic
1017 1730 1163 1760 occurrit.
1207 1730 1360 1759 Caeterum
1377 1730 1569 1759 scribendum

859 1778 905 1802 est
920 1772 966 1803 τὸν
981 1773 1096 1804 ἰδιώτην.
1118 1773 1247 1802 Tantum
1265 1773 1303 1801 de
1320 1772 1435 1802 verbis.
1462 1773 1508 1801 De
1524 1782 1571 1806 re,

858 1825 889 1845 v.
904 1815 1064 1845 Aristotel.
1081 1815 1206 1845 Rhetor.
1226 1816 1288 1844 111.
1302 1817 1329 1844 1.
1341 1817 1393 1849 26,
1407 1817 1459 1844 27.
1474 1814 1534 1844 ἐπεὶ
1547 1814 1572 1844 δ’

859 1858 880 1888 οἳ
897 1858 1012 1889 ποιηταὶ
1034 1856 1161 1896 λέγοντες
1181 1857 1277 1892 εὐήθη,
1300 1857 1343 1886 διὰ
1362 1859 1410 1888 τὴν
1426 1857 1499 1895 λέξιν
1513 1856 1571 1886 ἐδό-

857 1911 918 1930 κουν
940 1900 1120 1931 ποιήσασθαι
1144 1900 1224 1931 τήνδε
1246 1903 1294 1931 τήν
1313 1900 1402 1940 δόξαν,
1421 1901 1468 1930 διὰ
1486 1902 1570 1929 τοῦτο

859 1946 987 1975 ποιητικῆ
1010 1944 1106 1984 πρώτη
1130 1942 1237 1982 ἐγένετο
1257 1943 1342 1982 λέξις,
1359 1940 1405 1974 οἷον
1421 1944 1434 1974 ἡ
1450 1943 1569 1982 Γοργίου,

857 1987 906 2016 καὶ
930 1988 971 2017 νῦν
989 1987 1033 2018 ἐ’τι
1056 1987 1078 2016 οἱ
1103 1987 1202 2018 πολλοὶ
1225 1988 1280 2015 τῶν
1303 1986 1481 2016 ἀπαιδεύτων
1506 1987 1570 2020 τοὺς

858 2029 996 2065 τοιούτους
1017 2029 1114 2060 οἰόνται
1138 2031 1202 2062 τοὺς
1225 2029 1363 2064 τοιούτους
1383 2028 1570 2067 διαλέγεσθαι

858 2073 1020 2103 κάλλιστα.
1037 2074 1120 2103 τοῦτο
1136 2072 1164 2102 δὲ
1175 2072 1221 2102 οὐκ
1237 2071 1326 2108 ἔστιν,
1341 2071 1410 2102 ἀλλ’
1425 2071 1508 2112 ἑτέρα
1522 2071 1570 2101 λό-

856 2127 907 2154 γου
921 2115 969 2145 καὶ
984 2115 1117 2149 ποιήσεως
1134 2115 1210 2155 λέξις
1225 2115 1301 2145 ἐστι’.
1319 2116 1460 2146 Mum.

893 2157 1013 2196 Ἥψατο
1035 2158 1063 2188 δὲ
1075 2160 1142 2189 -ἡ
1166 2161 1293 2190 ποιητικὴ
1304 2176 1348 2182 --·
1360 2157 1477 2198 φράσις]
1506 2159 1568 2188 Pro

854 2199 963 2238 ’ήψαντο
979 2201 1006 2231 δὲ
1020 2202 1068 2231 καὶ
1084 2202 1105 2231 οἰ
1119 2200 1182 2231 Ἀθ.
1198 2202 1302 2242 ῥήτορες
1314 2203 1364 2234 τῆς
1377 2202 1521 2235 ποιητικῆς
1535 2211 1568 2231 τε

855 2244 902 2273 καῖ
917 2246 1048 2285 τροπικῆς
1065 2245 1204 2284 φράσεως.
1221 2249 1255 2274 ut
1272 2244 1362 2284 paulo
1377 2249 1457 2284 post,
1471 2243 1568 2281 ἥψατο

855 2285 1014 2327 Ἰσοκράτης
1029 2288 1123 2321 αὐτῆς.
1149 2292 1309 2326 utrumque
1323 2293 1415 2317 recte.
1441 2289 1545 2317 IDEM.

896 2329 1006 2369 Ἠνίκα]
1025 2330 1146 2369 Dignus
1158 2335 1206 2359 est
1221 2330 1277 2359 hac
1289 2330 1328 2360 de
1343 2340 1375 2359 re
1387 2330 1473 2360 locus
1485 2329 1568 2369 apud

856 2373 1062 2411 Hermogenis
1076 2373 1266 2402 Scholiasten
1286 2384 1318 2412 p.
1333 2375 1363 2403 6.
1384 2374 1435 2412 qui
1452 2373 1568 2402 adscri-

856 2415 955 2451 batur,
972 2416 1139 2455 praesertim
1156 2427 1223 2446 cum
1240 2416 1266 2445 is
1280 2416 1310 2445 in
1325 2426 1490 2454 paucorum
1505 2426 1568 2445 ma-

855 2458 944 2487 nibus
971 2465 1119 2488 versetur.
1173 2458 1285 2498 Γοργίας
1310 2458 1337 2488 δέ
1360 2471 1405 2494 τις
1431 2460 1569 2493 Λεοντῖνος

853 2503 970 2540 (Λεοντῆ
983 2500 1009 2530 δέ
1023 2501 1087 2531 ἔστι
1101 2501 1181 2535 πόλις
1191 2503 1241 2534 τῆς
1254 2500 1396 2540 Σικελίας)
1406 2501 1567 2540 μαθητεύει

855 2544 897 2582 τῷ
911 2543 992 2583 σιτία
1013 2545 1099 2585 [lege
1114 2542 1214 2583 Τισίᾳ]
1233 2544 1281 2573 καὶ
1302 2547 1383 2584 μετα
1406 2544 1439 2573 τὸ
1459 2544 1568 2583 μαθεῖν

856 2586 1033 2627 ὑποστρέφει
1056 2587 1157 2617 οἴκαδε.
1179 2587 1312 2626 εἴπωμεν
1331 2586 1358 2617 δὲ
1385 2587 1433 2616 καὶ
1458 2589 1519 2622 πῶς
1542 2585 1568 2615 ἐν

855 2627 980 2663 Ἀθήναις
993 2629 1121 2669 ἤκμασεν
1136 2631 1149 2660 ἦ
1163 2629 1296 2671 ῥητορική.
1319 2629 1461 2670 γενομένου
1474 2628 1568 2659 πτολέ-

854 2684 912 2710 μου
929 2673 1045 2713 μεταξὺ
1063 2673 1206 2703 Λεοντίνων
1224 2672 1272 2702 καὶ
1289 2672 1383 2702 ἄλλων
1403 2671 1568 2712 ἐπιχωρίων,

855 2713 1005 2746 ἐδεήθησαν
1015 2716 1036 2745 οἱ
1050 2716 1181 2746 Λεοντῖνοι
1190 2715 1370 2756 συμμαχίας
1379 2713 1411 2744 ἐκ
1423 2717 1476 2744 τῶν
1486 2713 1569 2745 Ἀθη-

854 2757 940 2787 ναίων·
957 2758 1004 2787 καὶ
1015 2759 1044 2789 δὴ
1058 2758 1246 2793 Βουλεύονται,
1261 2758 1324 2788 τίνα
1338 2757 1440 2796 ὤφελον
1455 2757 1568 2786 στεῖλαι

855 2799 940 2831 ἰκανὸν
956 2800 1022 2840 πρὸς
1037 2802 1149 2837 αὐτοὺς,
1163 2802 1212 2831 καὶ
1232 2799 1382 2840 πέμπουσι
1398 2799 1444 2828 τᾶν
1460 2798 1570 2838 Γοργίαν

855 2842 921 2883 πρὸς
933 2842 1105 2878 Ἀθηναίους,
1119 2845 1154 2878 ὡς
1165 2843 1258 2873 εἰδότα
1268 2843 1301 2872 τὸ
1313 2842 1429 2872 πείθειν.
1446 2840 1569 2875 ἐλθόντος

856 2885 884 2915 δὲ
898 2887 946 2916 τοῦ
963 2886 1069 2927 Γοργίου
1081 2887 1119 2921 εἰς
1133 2886 1265 2920 Ἀθήνας,
1279 2883 1440 2923 ἐπεδείξατο
1455 2883 1513 2914 ἐκεῖ
1521 2884 1567 2914 λό-

855 2940 900 2966 γον
913 2928 961 2958 aa}
978 2930 1142 2970 εὐδοκίμησε
1159 2929 1243 2964 πάνυ,
1259 2928 1347 2963 ὥστε,
1369 2927 1444 2958 ἡνίκα
1465 2925 1569 2958 ἐπεδεί-

855 2972 928 3011 ξατο
944 2971 1023 3011 λόγον
1037 2972 1049 3002 ὁ
1066 2970 1189 3012 Γοργίας,
1207 2970 1296 3012 ἑορτὴν
1310 2970 1453 3011 ἄπρακτον
1467 2968 1569 3002 ἐποίουν
