1819 3219
286 207 364 247 IO.
396 202 659 246 TAYLORI
695 201 1032 244 LECTIONES
1069 202 1354 244 LYSIACAE.
1507 204 1560 245 97

104 314 284 354 Ἑλλήνων
310 313 478 357 ἀριστεῖον
501 312 550 351 δὶς
572 311 702 354 λαβών.
754 309 831 344 Sed
855 320 914 343 me
939 309 1090 343 nimium
1108 308 1226 342 tenuit
1251 312 1471 354 πολυώνυμος
1495 309 1564 343 iste

104 367 221 409 Deus,
234 367 339 411 cujus
357 366 530 411 Epitheta
543 365 691 400 fortasse
707 375 813 409 aeque
832 375 874 398 ac
889 364 1048 398 Oracula
1061 363 1219 398 tenebris
1234 363 1461 398 delectantur
1475 364 1563 398 suis.

103 422 189 456 Jam
205 422 410 456 meminisse
427 423 571 465 oportet
587 431 644 454 me
662 420 698 454 in
713 419 876 455 Auctore
891 419 1082 464 purissimo
1096 418 1240 460 versari,
1255 417 1564 462 dissimillimoque

102 476 206 510 istius
223 476 294 510 Dei
311 475 474 518 antistiti,
487 486 570 520 quae

477 532 629 564 ἄσπετον
641 530 748 574 χέασα
766 534 924 575 παμμιγῆ
940 532 1031 572 βοὴν

383 586 616 630 Δαφνηφάγων
631 586 788 628 φοίβαζεν
807 587 840 618 ἐκ
858 588 988 630 λαιμῶν
1004 587 1073 618 ὄπα

382 642 526 684 Σφιγγὸς
543 642 702 680 κελαινῆς
718 644 825 684 γῆρυν
838 640 1071 685 ἐκμιμουμένη.

101 693 280 738 Simplex,
300 694 462 738 inquam,
480 696 616 737 noster,
636 697 672 727 et
696 695 922 738 purissimus,
941 694 1068 727 nullibi
1086 695 1206 727 tamen
1226 692 1434 735 simplicior,
1454 702 1564 737 quam

101 747 166 782 ubi
191 759 266 782 rem
290 751 428 792 gestam
453 752 586 782 narret.
637 748 853 791 Cujusmodi
871 748 929 782 hic
951 748 1062 782 habes
1079 748 1124 782 de
1141 758 1257 782 uxore
1274 747 1421 780 domum
1440 746 1563 787 ducta,

101 803 149 837 ad
166 802 274 837 funus
289 802 503 847 prodeunte,
531 803 575 837 ab
605 803 769 837 adultero
795 804 953 847 denique
979 803 1016 836 in
1038 802 1152 846 stupri
1179 802 1481 836 consuetudinem
1508 801 1563 835 in-

102 856 209 890 lecta.
258 858 332 890 Ἐπ’
345 859 467 902 ἐφορὰν
480 860 568 902 αὐτῇ
584 859 844 899 ἀκολουθῆσασα
861 859 882 898 ἡ
900 860 959 902 ἐμὴ
979 861 1066 901 γυνὴ
1084 858 1151 891 ὑπὸ
1169 858 1290 891 τούτου
1307 859 1365 890 τοῦ
1380 857 1563 899 ἀνθρώπου

101 914 240 955 ὀφθεῖσα
254 914 364 956 χρόνῳ
381 913 609 958 διαφθείρεται.
625 924 660 957 p.
678 915 715 946 11
726 938 734 946 .
751 914 809 946 ed.
831 912 956 947 Reisk.
990 911 1172 956 Effer-tur.
1208 911 1316 946 Imus.
1336 910 1463 945 Funus
1473 922 1560 956 pro-

101 966 200 1000 cedit.
238 966 437 1011 Sequimur.
461 967 659 1001 Terentius
677 967 795 1001 verbis
808 966 913 1010 quasi
931 966 1132 1000 ritualibus.
1169 966 1244 1000 Sed
1259 976 1376 1010 neque
1392 966 1557 1007 Plautus,

101 1032 222 1066 neque
233 1021 426 1055 Terentius
437 1021 473 1055 in
484 1022 643 1065 palliatis
653 1021 727 1055 suis
741 1023 814 1055 tam
827 1031 951 1055 severe
959 1031 1075 1054 mores
1085 1020 1299 1054 Graecorum
1309 1022 1465 1060 servant,
1475 1019 1562 1062 quin

101 1076 297 1120 aliquando
310 1076 538 1110 immisceant
551 1076 784 1111 domesticos.
821 1077 917 1110 Nam
936 1074 1035 1109 Simo
1053 1075 1112 1109 ille
1131 1074 1466 1118 apudTerentium,
1479 1076 1563 1107 utut

100 1131 355 1176 Romaesunus
370 1132 467 1177 sequi
482 1133 618 1176 liceret,
637 1133 673 1166 id
692 1135 813 1166 tamen
827 1131 984 1167 Athenis
996 1131 1130 1166 Atticis
1148 1142 1218 1165 non
1232 1132 1362 1175 potuit.
1391 1131 1450 1165 Ita
1465 1131 1561 1164 enim

99 1186 256 1219 instituit
273 1186 369 1228 Solo,
387 1190 429 1220 ut
446 1186 584 1220 videbis
597 1186 696 1230 apud
715 1187 908 1221 Demosth.
926 1187 1008 1221 adv.
1028 1186 1186 1220 Macart.
1201 1186 1251 1230 [p.
1268 1187 1414 1219 10:⁷1.1.
1429 1185 1484 1218 ed.
1504 1185 1563 1226 K]

99 1244 167 1275 Τὸν
184 1242 407 1275 ἀποθανόντα
433 1243 649 1286 προτίθεσθαι
675 1243 773 1275 ἔνδον
795 1243 888 1282 ὅπως
910 1245 955 1276 ἂν
971 1243 1151 1285 βούληται·
1170 1242 1311 1286 ἐκφέρειν
1333 1242 1366 1273 δὲ
1391 1244 1451 1274 τὸν
1475 1242 1563 1273 ἀπο-

99 1297 249 1329 θανόντα
266 1299 309 1339 τῇ
324 1297 494 1341 ὑστεραίᾳ,
508 1295 530 1340 ᾖ
548 1298 593 1330 ἂν
606 1298 812 1341 προθῶνται,
828 1300 911 1342 πρὶν
925 1298 1023 1338 ἥλιον
1038 1296 1174 1341 ἐξέχειν,
1192 1297 1382 1339 βαδίζειν
1405 1295 1442 1328 δὲ
1468 1298 1564 1334 τοὺς

97 1351 257 1395 ἄνδρας
282 1352 465 1394 πρόσθεν
490 1352 575 1385 ὅταν
590 1352 800 1397 ἐκφέρωνται,
827 1354 902 1391 τὰς
928 1352 965 1384 δὲ
987 1356 1200 1396 γυναῖκας
1227 1351 1414 1384 ὄπισθεν.
1467 1349 1560 1389 Quae

95 1404 205 1439 verba
220 1404 345 1438 leviter
361 1407 445 1438 sunt
460 1408 640 1448 corrupta,
660 1417 745 1438 cum
763 1406 834 1449 legi
850 1406 994 1449 debeat,
1013 1411 1054 1450 τῇ
1070 1408 1228 1451 ὑστεραίᾳ
1252 1410 1273 1447 ὴ
1296 1405 1320 1450 ᾖ
1345 1408 1391 1439 ἂν
1408 1407 1561 1449 προθῶν-

97 1475 163 1502 ται,
176 1462 219 1494 ut
235 1460 332 1504 loqui
349 1470 491 1504 semper
507 1459 746 1493 observantur
762 1459 955 1504 scriptores
971 1461 1173 1503 gravissimi
1188 1463 1298 1504 atque
1310 1461 1559 1494 Ἀττικώτατοι.

95 1526 128 1548 e.
142 1525 177 1559 g.
197 1514 302 1548 Plato
318 1514 354 1548 in
372 1515 536 1558 Sympos.
553 1512 633 1547 init.
681 1516 731 1557 Τῇ
746 1515 903 1559 ὑστεραίᾳ
921 1517 941 1555 ἣ
960 1515 981 1559 ᾖ
996 1518 1038 1548 τὰ
1061 1517 1207 1549 ἐπινίκια
1225 1517 1321 1549 ἔθυεν
1334 1516 1437 1554 αὑτός
1455 1528 1489 1548 τε
1506 1516 1558 1548 καὶ

93 1570 124 1603 οἱ
141 1571 307 1614 χορευταί.
357 1569 462 1602 Idem
478 1569 515 1602 in
532 1567 689 1612 Apolog.
707 1568 843 1602 Socrat.
868 1573 916 1613 Τῇ
931 1570 995 1613 γάρ
1012 1582 1079 1603 που
1095 1571 1253 1615 ὑστεραίᾳ
1276 1571 1323 1604 δεῖ
1342 1584 1381 1615 με
1403 1570 1560 1610 cin-0521&-

96 1638 185 1658 σκειν
202 1626 223 1664 ἢ
240 1622 262 1667 ᾗ
279 1626 323 1657 ἂν
339 1624 429 1656 ἔλθοι
445 1626 483 1657 τὸ
501 1625 637 1657 πλοῖον.
687 1623 758 1657 Sed
784 1624 883 1667 prius
901 1635 1011 1668 quarn
1036 1635 1186 1659 manum
1215 1626 1261 1658 de
1287 1625 1423 1667 tabula,
1451 1635 1557 1658 occa-

97 1679 196 1712 sione
220 1677 304 1711 hine
321 1688 469 1722 quoque
495 1680 653 1721 arrepta,
677 1687 776 1710 more
801 1688 940 1721 eorum,
958 1679 1020 1723 qui
1047 1690 1120 1712 una
1145 1680 1265 1713 fidelia
1289 1680 1382 1713 duos
1402 1680 1560 1723 parietes

97 1734 279 1775 dealbant,
305 1733 541 1767 emendamus
566 1732 675 1766 etiam
693 1732 898 1766 Varronem
918 1733 963 1766 de
982 1733 1044 1767 vit.
1062 1735 1104 1767 P.
1125 1735 1171 1768 R.
1188 1734 1211 1768 l.
1231 1737 1265 1768 3.
1285 1734 1383 1778 apud
1398 1734 1559 1767 Nonium

95 1789 330 1824 Marcellum.
383 1787 640 1832 “Propinquae
667 1788 947 1821 adolescentulae
972 1788 1080 1821 etiam
1098 1787 1353 1822 Anthraeinis:
1382 1787 1561 1821 Proximae

97 1843 254 1878 amiculo
278 1842 425 1886 nigello,
450 1841 582 1886 capillo
608 1841 765 1875 demisso
791 1844 1026 1886 sequerentur
1053 1841 1232 1876 luctum.”
1277 1841 1364 1875 Ain'
1380 1852 1478 1881 vere,
1506 1841 1562 1874 lu-

95 1899 218 1932 ctum?
242 1897 360 1931 Immo
387 1895 524 1939 lectum,
554 1896 583 1930 si
607 1895 809 1941 quidquam
834 1897 892 1940 sit,
918 1897 1016 1941 quod
1043 1897 1192 1931 credam
1218 1899 1280 1930 aut
1304 1899 1402 1930 certo
1427 1896 1559 1929 sciam:

95 1954 231 1988 lectum
250 1963 300 1986 sc.
318 1952 355 1985 in
373 1963 446 1996 quo
463 1951 657 1985 efferretur.
683 1950 765 1995 Ego
781 1951 922 1985 interea
938 1952 983 1985 ad
1001 1955 1122 1986 cetera
1137 1962 1296 1997 pergam,
1309 1951 1373 1986 ubi
1389 1952 1561 1985 lectorem

95 2008 207 2044 semel
224 2012 445 2041 admonuero
459 2006 612 2051 plurima
629 2016 677 2039 cx
694 2006 761 2040 hac
776 2006 938 2040 oratione
955 2007 1032 2040 erui
1049 2017 1164 2051 posse,
1181 2017 1263 2050 quae
1281 2006 1326 2038 ad
1345 2005 1563 2039 domesticas

96 2061 373 2097 Atheniensium
403 2061 561 2095 rationes
589 2059 850 2105 expediendas,
882 2062 994 2104 atque
1024 2061 1071 2094 ad
1099 2059 1307 2094 communia
1336 2060 1419 2092 vitae
1447 2059 1563 2092 officia

96 2117 313 2152 elucidanda
332 2115 509 2160 pertinere
526 2118 696 2159 possunt:
724 2115 942 2159 eujusmodi
961 2118 1046 2150 sunt
1063 2126 1096 2160 p.
1111 2118 1169 2149 20.
1188 2125 1266 2158 sqq.
1285 2114 1343 2147 ed.
1364 2114 1410 2147 R.
1437 2113 1482 2147 de
1499 2113 1562 2147 ha-

97 2171 237 2205 bitandi
261 2171 411 2212 ratione,
436 2171 483 2204 de
509 2180 657 2204 cerussa
681 2170 908 2212 feminarum,
932 2170 978 2203 de
1003 2170 1260 2203 obsonatorum
1278 2167 1495 2209 ministeriis,
1515 2167 1562 2200 de

97 2226 238 2271 pistrini
268 2224 424 2268 denique
449 2235 565 2268 poena
592 2225 690 2269 apud
713 2224 910 2268 Antiquos,
939 2234 1048 2268 quam
1077 2223 1188 2258 servis
1217 2232 1376 2267 nequam
1403 2223 1562 2256 minitari

99 2281 214 2315 solent
228 2280 264 2313 in
280 2279 496 2314 Comoedia:
526 2278 678 2313 Ancillis
695 2279 865 2313 maxime.
889 2279 974 2313 Ter.
989 2278 1148 2322 Adelph.
1163 2288 1198 2312 v.
1209 2280 1244 2312 3.
1258 2279 1316 2311 60.

379 2335 403 2351 “
429 2334 553 2378 Atque
569 2334 619 2368 ibi
636 2335 768 2368 favillae
785 2335 893 2378 plena
909 2334 999 2368 fumi
1016 2345 1059 2368 ac
1077 2334 1219 2379 pollinis

423 2388 624 2433 Coquendo
641 2388 689 2422 sit
704 2389 790 2423 faxo
806 2391 844 2422 et
864 2389 1071 2422 molendo.⁷’

99 2447 271 2491 Namque
293 2445 358 2478 ubi
383 2444 526 2486 dicitur,
552 2443 676 2478 Exod.
700 2443 754 2478 xi.
772 2446 808 2478 5.
836 2444 1050 2478 “Morietur
1074 2454 1182 2478 omne
1212 2442 1490 2487 primogenitum
1523 2443 1558 2476 in

98 2505 194 2536 terra
211 2500 372 2544 AEgypti,
386 2511 407 2532 a
424 2499 664 2543 primogenito
681 2498 890 2540 Pharaonis,
908 2499 971 2543 qui
990 2499 1093 2533 sedet
1109 2499 1144 2532 in
1160 2498 1249 2532 solio
1265 2508 1342 2540 suo,
1362 2497 1406 2530 ad
1425 2497 1559 2540 primo-

98 2556 259 2600 genitum
278 2554 447 2595 Ancillae,
471 2564 554 2597 quae
583 2556 640 2586 est
665 2553 702 2586 in
720 2551 911 2595 Carcere,''
935 2552 1088 2586 Hebraei
1112 2552 1247 2586 habent
1272 2553 1434 2593 Ε’ΠἾΠ
1460 2553 1558 2591 ἿΠΝ

99 2614 179 2654 post
197 2610 341 2644 molam.
378 2608 519 2642 Eadem
531 2618 645 2652 poena
657 2607 763 2641 hodie
777 2618 924 2652 quoque
938 2608 1106 2641 mulctari
1125 2607 1259 2651 infrugi
1276 2607 1446 2641 mulieres
1460 2605 1556 2649 apud

100 2663 410 2698 Francofurtensis
427 2663 548 2697 narrat
563 2661 762 2697 Burnettus
778 2663 814 2695 in
830 2661 1031 2696 Itinerario.
