<?xml version="1.0" encoding="UTF-8"?>
<!DOCTYPE html PUBLIC "-//W3C//DTD XHTML 1.0 Transitional//EN"
    "http://www.w3.org/TR/xhtml1/DTD/xhtml1-transitional.dtd">
<html xmlns="http://www.w3.org/1999/xhtml" xml:lang="en" lang="en">
 <head>
  <title>
</title>
<meta http-equiv="Content-Type" content="text/html;charset=utf-8" />
  <meta name='ocr-system' content='tesseract 3.04.00' />
  <meta name='ocr-capabilities' content='ocr_page ocr_carea ocr_par ocr_line ocrx_word'/>
</head>
<body>
  <div class='ocr_page' id='page_1' title='image "./oratoresatticie02dobs_0188.png"; bbox 0 0 1839 3229; ppageno 0'>
   <div class='ocr_carea' id='block_1_1' title="bbox 222 182 1150 225">
    <p class='ocr_par' dir='ltr' id='par_1_1' title="bbox 222 182 1150 225">
     <span class='ocr_line' id='line_1_1' title="bbox 222 182 1150 225; baseline -0.005 -1"><span class='ocrx_word' id='word_1_1' title='bbox 222 185 300 225; x_wconf 75' lang='lat'>146</span> <span class='ocrx_word' id='word_1_2' title='bbox 776 183 807 223; x_wconf 88' lang='lat' dir='ltr'>l.</span> <span class='ocrx_word' id='word_1_3' title='bbox 839 182 1096 224; x_wconf 79' lang='lat' dir='ltr'><strong>TAYLORI</strong></span> <span class='ocrx_word' id='word_1_4' title='bbox 1139 199 1150 219; x_wconf 79' lang='lat'><em>‹</em></span> 
     </span>
    </p>
   </div>
   <div class='ocr_carea' id='block_1_2' title="bbox 912 344 959 376">
    <p class='ocr_par' dir='ltr' id='par_1_2' title="bbox 912 344 959 376">
     <span class='ocr_line' id='line_1_2' title="bbox 912 344 959 376; baseline -0.021 0"><span class='ocrx_word' id='word_1_5' title='bbox 912 344 959 376; x_wconf 87' lang='lat' dir='ltr'>V.</span> 
     </span>
    </p>
   </div>
   <div class='ocr_carea' id='block_1_3' title="bbox 220 433 1665 512">
    <p class='ocr_par' dir='ltr' id='par_1_3' title="bbox 220 433 1665 512">
     <span class='ocr_line' id='line_1_3' title="bbox 220 433 1665 500; baseline 0.003 -42"><span class='ocrx_word' id='word_1_6' title='bbox 220 435 262 459; x_wconf 70' lang='lat' dir='ltr'>sn</span> <span class='ocrx_word' id='word_1_7' title='bbox 279 434 401 460; x_wconf 79' lang='lat' dir='ltr'>APEml</span> <span class='ocrx_word' id='word_1_8' title='bbox 417 434 532 460; x_wconf 69' lang='lat' dir='ltr'>rmrm</span> <span class='ocrx_word' id='word_1_9' title='bbox 549 433 752 500; x_wconf 60' lang='grc' dir='ltr'>ἳΜοΛοιὫΝ</span> <span class='ocrx_word' id='word_1_10' title='bbox 770 433 911 458; x_wconf 62' lang='lat' dir='ltr'>mmmm</span> <span class='ocrx_word' id='word_1_11' title='bbox 928 433 1155 460; x_wconf 68' lang='lat' dir='ltr'>Anoonnzsssi</span> <span class='ocrx_word' id='word_1_12' title='bbox 1172 435 1238 460; x_wconf 72' lang='grc' dir='ltr'>εΛΝ</span> <span class='ocrx_word' id='word_1_13' title='bbox 1259 436 1305 462; x_wconf 75' lang='grc' dir='ltr'>ΔΕ</span> <span class='ocrx_word' id='word_1_14' title='bbox 1323 436 1546 463; x_wconf 60' lang='lat' dir='ltr'>Ameana-riu</span> <span class='ocrx_word' id='word_1_15' title='bbox 1561 437 1665 462; x_wconf 66' lang='lat' dir='ltr'>mer-</span> 
     </span>
     <span class='ocr_line' id='line_1_4' title="bbox 262 474 590 512; baseline -0.003 -11"><span class='ocrx_word' id='word_1_16' title='bbox 262 477 382 503; x_wconf 68' lang='lat' dir='ltr'>xs‘rm.</span> <span class='ocrx_word' id='word_1_17' title='bbox 397 483 428 512; x_wconf 91' lang='lat' dir='ltr'>p.</span> <span class='ocrx_word' id='word_1_18' title='bbox 446 474 518 502; x_wconf 67' lang='lat'><strong>210.</strong></span> <span class='ocrx_word' id='word_1_19' title='bbox 536 481 553 501; x_wconf 88' lang='lat' dir='ltr'>u</span> <span class='ocrx_word' id='word_1_20' title='bbox 569 476 590 500; x_wconf 79' lang='lat' dir='ltr'><strong>t.</strong></span> 
     </span>
    </p>
   </div>
   <div class='ocr_carea' id='block_1_4' title="bbox 220 544 1667 648">
    <p class='ocr_par' dir='ltr' id='par_1_4' title="bbox 220 544 1667 648">
     <span class='ocr_line' id='line_1_5' title="bbox 221 544 1666 591; baseline 0.002 -10"><span class='ocrx_word' id='word_1_21' title='bbox 221 547 314 581; x_wconf 84' lang='lat' dir='ltr'>Nam</span> <span class='ocrx_word' id='word_1_22' title='bbox 334 548 357 565; x_wconf 89' lang='lat'><strong>“</strong></span> <span class='ocrx_word' id='word_1_23' title='bbox 377 545 571 581; x_wconf 82' lang='lat' dir='ltr'><strong>Confessus</strong></span> <span class='ocrx_word' id='word_1_24' title='bbox 597 556 659 589; x_wconf 90' lang='lat' dir='ltr'>pro</span> <span class='ocrx_word' id='word_1_25' title='bbox 675 544 839 588; x_wconf 71' lang='lat' dir='ltr'>judicato</span> <span class='ocrx_word' id='word_1_26' title='bbox 864 548 930 588; x_wconf 79' lang='lat' dir='ltr'>est,</span> <span class='ocrx_word' id='word_1_27' title='bbox 950 546 1011 590; x_wconf 82' lang='lat' dir='ltr'>qui</span> <span class='ocrx_word' id='word_1_28' title='bbox 1036 547 1304 591; x_wconf 83' lang='lat' dir='ltr'>quodammodo</span> <span class='ocrx_word' id='word_1_29' title='bbox 1321 559 1387 583; x_wconf 83' lang='lat' dir='ltr'>sua</span> <span class='ocrx_word' id='word_1_30' title='bbox 1408 549 1586 582; x_wconf 76' lang='lat' dir='ltr'>sententia</span> <span class='ocrx_word' id='word_1_31' title='bbox 1602 549 1666 584; x_wconf 83' lang='lat' dir='ltr'>‹la-</span> 
     </span>
     <span class='ocr_line' id='line_1_6' title="bbox 220 599 1667 648; baseline 0.001 -13"><span class='ocrx_word' id='word_1_32' title='bbox 220 602 397 635; x_wconf 83' lang='lat' dir='ltr'>mnatur.’&#39;</span> <span class='ocrx_word' id='word_1_33' title='bbox 445 601 489 634; x_wconf 90' lang='lat' dir='ltr'>L.</span> <span class='ocrx_word' id='word_1_34' title='bbox 512 604 540 633; x_wconf 89' lang='lat'>1.</span> <span class='ocrx_word' id='word_1_35' title='bbox 562 601 609 633; x_wconf 89' lang='lat' dir='ltr'>D.</span> <span class='ocrx_word' id='word_1_36' title='bbox 627 601 671 633; x_wconf 83' lang='lat' dir='ltr'>dc</span> <span class='ocrx_word' id='word_1_37' title='bbox 690 599 884 634; x_wconf 82' lang='lat' dir='ltr'>Confessis.</span> <span class='ocrx_word' id='word_1_38' title='bbox 932 600 1055 646; x_wconf 86' lang='lat' dir='ltr'><strong>Atque</strong></span> <span class='ocrx_word' id='word_1_39' title='bbox 1071 603 1120 636; x_wconf 88' lang='lat' dir='ltr'>ita</span> <span class='ocrx_word' id='word_1_40' title='bbox 1133 603 1317 646; x_wconf 84' lang='lat' dir='ltr'><strong>rescripsit</strong></span> <span class='ocrx_word' id='word_1_41' title='bbox 1333 603 1427 648; x_wconf 86' lang='lat' dir='ltr'><strong>Imp.</strong></span> <span class='ocrx_word' id='word_1_42' title='bbox 1445 602 1667 647; x_wconf 72' lang='lat' dir='ltr'>Antoninus,</span> 
     </span>
    </p>
   </div>
   <div class='ocr_carea' id='block_1_5' title="bbox 221 654 1669 745">
    <p class='ocr_par' dir='ltr' id='par_1_5' title="bbox 221 654 1669 745">
     <span class='ocr_line' id='line_1_7' title="bbox 222 654 1669 702; baseline 0.002 -12"><span class='ocrx_word' id='word_1_43' title='bbox 222 660 246 675; x_wconf 90' lang='lat'>“</span> <span class='ocrx_word' id='word_1_44' title='bbox 263 657 454 691; x_wconf 71' lang='lat' dir='ltr'><strong>Confessus</strong></span> <span class='ocrx_word' id='word_1_45' title='bbox 472 655 509 688; x_wconf 90' lang='lat' dir='ltr'>in</span> <span class='ocrx_word' id='word_1_46' title='bbox 534 655 622 689; x_wconf 84' lang='lat' dir='ltr'>Jure</span> <span class='ocrx_word' id='word_1_47' title='bbox 648 654 892 699; x_wconf 76' lang='lat' dir='ltr'>projudicatis</span> <span class='ocrx_word' id='word_1_48' title='bbox 910 655 1029 690; x_wconf 85' lang='lat' dir='ltr'>haberi</span> <span class='ocrx_word' id='word_1_49' title='bbox 1048 658 1200 702; x_wconf 80' lang='lat' dir='ltr'>placet.&#39;’</span> <span class='ocrx_word' id='word_1_50' title='bbox 1248 659 1293 693; x_wconf 87' lang='lat' dir='ltr'>L.</span> <span class='ocrx_word' id='word_1_51' title='bbox 1317 660 1415 693; x_wconf 88' lang='lat' dir='ltr'>unic.</span> <span class='ocrx_word' id='word_1_52' title='bbox 1440 657 1484 693; x_wconf 85' lang='lat' dir='ltr'><strong>C.</strong></span> <span class='ocrx_word' id='word_1_53' title='bbox 1508 658 1554 693; x_wconf 87' lang='lat' dir='ltr'>de</span> <span class='ocrx_word' id='word_1_54' title='bbox 1570 658 1669 693; x_wconf 84' lang='lat' dir='ltr'>con-</span> 
     </span>
     <span class='ocr_line' id='line_1_8' title="bbox 221 712 331 745; baseline -0.018 0"><span class='ocrx_word' id='word_1_55' title='bbox 221 712 331 745; x_wconf 85' lang='lat' dir='ltr'>fessis.</span> 
     </span>
    </p>
   </div>
   <div class='ocr_carea' id='block_1_6' title="bbox 904 811 974 846">
    <p class='ocr_par' dir='ltr' id='par_1_6' title="bbox 904 811 974 846">
     <span class='ocr_line' id='line_1_9' title="bbox 904 811 974 846; baseline 0 -1"><span class='ocrx_word' id='word_1_56' title='bbox 904 811 974 846; x_wconf 88' lang='lat' dir='ltr'>VI.</span> 
     </span>
    </p>
   </div>
   <div class='ocr_carea' id='block_1_7' title="bbox 221 896 1673 966">
    <p class='ocr_par' dir='ltr' id='par_1_7' title="bbox 221 896 1673 966">
     <span class='ocr_line' id='line_1_10' title="bbox 221 896 1673 923; baseline 0.001 -2"><span class='ocrx_word' id='word_1_57' title='bbox 221 897 266 922; x_wconf 82' lang='grc' dir='ltr'>ΑΝ</span> <span class='ocrx_word' id='word_1_58' title='bbox 282 897 341 921; x_wconf 87' lang='grc' dir='ltr'>ΤΙΣ</span> <span class='ocrx_word' id='word_1_59' title='bbox 360 896 502 921; x_wconf 76' lang='grc' dir='ltr'><strong>ΑΝΔΡΟΣ</strong></span> <span class='ocrx_word' id='word_1_60' title='bbox 522 896 626 920; x_wconf 83' lang='grc' dir='ltr'>ΣΩΜΑ</span> <span class='ocrx_word' id='word_1_61' title='bbox 643 896 779 920; x_wconf 82' lang='grc' dir='ltr'>ΤΡΩΣΗΙ</span> <span class='ocrx_word' id='word_1_62' title='bbox 795 896 965 920; x_wconf 83' lang='grc' dir='ltr'><strong>ΚΕΦΑΛΗΝ</strong></span> <span class='ocrx_word' id='word_1_63' title='bbox 981 897 1004 921; x_wconf 83' lang='lat' dir='ltr'>H</span> <span class='ocrx_word' id='word_1_64' title='bbox 1022 896 1222 921; x_wconf 83' lang='grc' dir='ltr'><strong>ΠΡΟΣΩΠΟΝ</strong></span> <span class='ocrx_word' id='word_1_65' title='bbox 1238 898 1261 922; x_wconf 79' lang='grc' dir='ltr'><strong><em>Η</em></strong></span> <span class='ocrx_word' id='word_1_66' title='bbox 1277 897 1405 923; x_wconf 78' lang='grc' dir='ltr'><strong>ΧΕῘΡΑΣ</strong></span> <span class='ocrx_word' id='word_1_67' title='bbox 1422 899 1445 922; x_wconf 84' lang='grc' dir='ltr'><strong><em>Η</em></strong></span> <span class='ocrx_word' id='word_1_68' title='bbox 1460 898 1588 923; x_wconf 60' lang='lat' dir='ltr'>notua</span> <span class='ocrx_word' id='word_1_69' title='bbox 1605 898 1673 923; x_wconf 65' lang='lat' dir='ltr'>AT-</span> 
     </span>
     <span class='ocr_line' id='line_1_11' title="bbox 261 939 1672 966; baseline 0.001 -1"><span class='ocrx_word' id='word_1_70' title='bbox 261 940 332 965; x_wconf 83' lang='grc' dir='ltr'>ΤΟΣ</span> <span class='ocrx_word' id='word_1_71' title='bbox 351 940 450 964; x_wconf 86' lang='grc' dir='ltr'>ΚΑΤΑ</span> <span class='ocrx_word' id='word_1_72' title='bbox 470 939 567 964; x_wconf 75' lang='grc' dir='ltr'>ΤΟΥΣ</span> <span class='ocrx_word' id='word_1_73' title='bbox 584 939 734 964; x_wconf 75' lang='grc' dir='ltr'>ΝΟΜΟΥΣ</span> <span class='ocrx_word' id='word_1_74' title='bbox 750 939 849 963; x_wconf 74' lang='grc' dir='ltr'><strong>ΤΟΎΣ</strong></span> <span class='ocrx_word' id='word_1_75' title='bbox 866 939 907 964; x_wconf 87' lang='grc' dir='ltr'>ΕΞ</span> <span class='ocrx_word' id='word_1_76' title='bbox 927 940 1055 964; x_wconf 74' lang='grc' dir='ltr'>ΑΡΕῘΟΥ</span> <span class='ocrx_word' id='word_1_77' title='bbox 1073 939 1199 964; x_wconf 72' lang='grc' dir='ltr'><strong>ΠΑΓΟΎ</strong></span> <span class='ocrx_word' id='word_1_78' title='bbox 1217 940 1396 965; x_wconf 70' lang='grc' dir='ltr'>ΦΕΥΞΕΤΑῙ</span> <span class='ocrx_word' id='word_1_79' title='bbox 1412 942 1484 966; x_wconf 83' lang='grc' dir='ltr'>ΤΗΝ</span> <span class='ocrx_word' id='word_1_80' title='bbox 1499 941 1576 965; x_wconf 71' lang='lat' dir='ltr'>Tm·</span> <span class='ocrx_word' id='word_1_81' title='bbox 1593 941 1672 966; x_wconf 79' lang='grc' dir='ltr'>ΑΔΙ-</span> 
     </span>
    </p>
   </div>
   <div class='ocr_carea' id='block_1_8' title="bbox 262 982 1669 1061">
    <p class='ocr_par' dir='ltr' id='par_1_8' title="bbox 262 982 1669 1061">
     <span class='ocr_line' id='line_1_12' title="bbox 262 982 1669 1011; baseline 0.001 -4"><span class='ocrx_word' id='word_1_82' title='bbox 262 983 454 1007; x_wconf 79' lang='grc' dir='ltr'>ΚΗΘΕΝΤΟΣ</span> <span class='ocrx_word' id='word_1_83' title='bbox 472 983 584 1006; x_wconf 87' lang='grc' dir='ltr'><strong>ΠΟΛΙΝ</strong></span> <span class='ocrx_word' id='word_1_84' title='bbox 600 983 622 1006; x_wconf 87' lang='lat' dir='ltr'><strong>H</strong></span> <span class='ocrx_word' id='word_1_85' title='bbox 643 982 872 1006; x_wconf 71' lang='grc' dir='ltr'>ΤΡΑΎΜΑΤΟΣ</span> <span class='ocrx_word' id='word_1_86' title='bbox 888 982 930 1007; x_wconf 81' lang='grc' dir='ltr'>ΕΚ</span> <span class='ocrx_word' id='word_1_87' title='bbox 951 982 1130 1008; x_wconf 81' lang='grc' dir='ltr'><strong>ΠΡΟΝΟΙΑΣ</strong></span> <span class='ocrx_word' id='word_1_88' title='bbox 1147 983 1207 1008; x_wconf 80' lang='grc' dir='ltr'>ΚΑΙ</span> <span class='ocrx_word' id='word_1_89' title='bbox 1223 983 1290 1009; x_wconf 81' lang='grc' dir='ltr'>ΕΑΝ</span> <span class='ocrx_word' id='word_1_90' title='bbox 1313 983 1439 1010; x_wconf 79' lang='lat' dir='ltr'>KATlffl</span> <span class='ocrx_word' id='word_1_91' title='bbox 1456 984 1669 1011; x_wconf 74' lang='grc' dir='ltr'>ΕΝΔΕῙΧΘΕΙΣ</span> 
     </span>
     <span class='ocr_line' id='line_1_13' title="bbox 262 1022 921 1061; baseline 0 -11"><span class='ocrx_word' id='word_1_92' title='bbox 262 1026 429 1051; x_wconf 80' lang='grc' dir='ltr'>ΘΑΝΑΤΩΙ</span> <span class='ocrx_word' id='word_1_93' title='bbox 447 1025 738 1051; x_wconf 78' lang='grc' dir='ltr'><strong>ΖΗΜῙΩΘΗΣΕΤΑῘ.</strong></span> <span class='ocrx_word' id='word_1_94' title='bbox 754 1030 784 1061; x_wconf 86' lang='lat' dir='ltr'><strong>p.</strong></span> <span class='ocrx_word' id='word_1_95' title='bbox 801 1022 875 1051; x_wconf 68' lang='lat'>212·</span> <span class='ocrx_word' id='word_1_96' title='bbox 890 1023 921 1051; x_wconf 82' lang='grc'>3.</span> 
     </span>
    </p>
   </div>
   <div class='ocr_carea' id='block_1_9' title="bbox 153 1095 1691 2993">
    <p class='ocr_par' dir='ltr' id='par_1_9' title="bbox 153 1095 1691 2993">
     <span class='ocr_line' id='line_1_14' title="bbox 220 1095 1674 1140; baseline -0.001 -10"><span class='ocrx_word' id='word_1_97' title='bbox 220 1096 278 1130; x_wconf 86' lang='lat' dir='ltr'>De</span> <span class='ocrx_word' id='word_1_98' title='bbox 290 1097 439 1131; x_wconf 73' lang='lat' dir='ltr'>vulnere</span> <span class='ocrx_word' id='word_1_99' title='bbox 453 1109 526 1131; x_wconf 81' lang='lat' dir='ltr'>cum</span> <span class='ocrx_word' id='word_1_100' title='bbox 543 1097 657 1131; x_wconf 79' lang='lat' dir='ltr'>animo</span> <span class='ocrx_word' id='word_1_101' title='bbox 674 1096 848 1130; x_wconf 76' lang='lat' dir='ltr'>occidendi</span> <span class='ocrx_word' id='word_1_102' title='bbox 861 1096 972 1130; x_wconf 84' lang='lat' dir='ltr'>inlato</span> <span class='ocrx_word' id='word_1_103' title='bbox 984 1095 1176 1138; x_wconf 85' lang='lat' dir='ltr'>judicabat</span> <span class='ocrx_word' id='word_1_104' title='bbox 1192 1096 1286 1130; x_wconf 86' lang='lat' dir='ltr'>inter</span> <span class='ocrx_word' id='word_1_105' title='bbox 1299 1095 1369 1131; x_wconf 81' lang='lat' dir='ltr'>alia</span> <span class='ocrx_word' id='word_1_106' title='bbox 1382 1096 1494 1130; x_wconf 86' lang='lat' dir='ltr'>Curia</span> <span class='ocrx_word' id='word_1_107' title='bbox 1507 1095 1674 1140; x_wconf 83' lang='lat' dir='ltr'>Areopa·</span> 
     </span>
     <span class='ocr_line' id='line_1_15' title="bbox 217 1149 1676 1194; baseline -0.001 -8"><span class='ocrx_word' id='word_1_108' title='bbox 217 1151 339 1194; x_wconf 75' lang='lat' dir='ltr'>gitica.</span> <span class='ocrx_word' id='word_1_109' title='bbox 358 1152 512 1186; x_wconf 87' lang='lat' dir='ltr'>Lucian.</span> <span class='ocrx_word' id='word_1_110' title='bbox 531 1151 569 1185; x_wconf 90' lang='lat' dir='ltr'>in</span> <span class='ocrx_word' id='word_1_111' title='bbox 589 1151 847 1185; x_wconf 85' lang='lat' dir='ltr'>Anacharsidc.</span> <span class='ocrx_word' id='word_1_112' title='bbox 867 1151 1000 1185; x_wconf 83' lang='lat' dir='ltr'>AElian.</span> <span class='ocrx_word' id='word_1_113' title='bbox 1020 1150 1068 1183; x_wconf 91' lang='lat' dir='ltr'>V.</span> <span class='ocrx_word' id='word_1_114' title='bbox 1087 1150 1137 1184; x_wconf 90' lang='lat' dir='ltr'>H.</span> <span class='ocrx_word' id='word_1_115' title='bbox 1155 1149 1203 1185; x_wconf 87' lang='lat' dir='ltr'>V.</span> <span class='ocrx_word' id='word_1_116' title='bbox 1223 1153 1279 1186; x_wconf 82' lang='lat'><strong>15.</strong></span> <span class='ocrx_word' id='word_1_117' title='bbox 1331 1151 1522 1185; x_wconf 77' lang='lat' dir='ltr'>Demosth.</span> <span class='ocrx_word' id='word_1_118' title='bbox 1541 1161 1576 1185; x_wconf 88' lang='lat' dir='ltr'><strong>c.</strong></span> <span class='ocrx_word' id='word_1_119' title='bbox 1591 1149 1676 1184; x_wconf 80' lang='lat' dir='ltr'>Ari-</span> 
     </span>
     <span class='ocr_line' id='line_1_16' title="bbox 219 1205 1677 1249; baseline 0 -11"><span class='ocrx_word' id='word_1_120' title='bbox 219 1209 326 1240; x_wconf 85' lang='lat' dir='ltr'>stocr.</span> <span class='ocrx_word' id='word_1_121' title='bbox 351 1210 387 1240; x_wconf 81' lang='lat' dir='ltr'>et</span> <span class='ocrx_word' id='word_1_122' title='bbox 404 1207 570 1240; x_wconf 84' lang='lat' dir='ltr'>Midiam.</span> <span class='ocrx_word' id='word_1_123' title='bbox 590 1207 716 1240; x_wconf 85' lang='lat' dir='ltr'>Galen.</span> <span class='ocrx_word' id='word_1_124' title='bbox 737 1206 938 1240; x_wconf 85' lang='lat' dir='ltr'>comment.</span> <span class='ocrx_word' id='word_1_125' title='bbox 964 1214 989 1238; x_wconf 83' lang='lat'><strong>1.</strong></span> <span class='ocrx_word' id='word_1_126' title='bbox 1010 1206 1046 1238; x_wconf 88' lang='lat' dir='ltr'>in</span> <span class='ocrx_word' id='word_1_127' title='bbox 1065 1205 1244 1249; x_wconf 82' lang='lat' dir='ltr'>Hippocr.</span> <span class='ocrx_word' id='word_1_128' title='bbox 1264 1207 1452 1249; x_wconf 83' lang='lat' dir='ltr'>Prognost.</span> <span class='ocrx_word' id='word_1_129' title='bbox 1470 1206 1550 1249; x_wconf 90' lang='lat' dir='ltr'>(ubi</span> <span class='ocrx_word' id='word_1_130' title='bbox 1567 1205 1677 1239; x_wconf 77' lang='lat' dir='ltr'>verba</span> 
     </span>
     <span class='ocr_line' id='line_1_17' title="bbox 218 1261 1676 1305; baseline -0.001 -12"><span class='ocrx_word' id='word_1_131' title='bbox 218 1262 401 1305; x_wconf 72' lang='lat' dir='ltr'><strong>transponi</strong></span> <span class='ocrx_word' id='word_1_132' title='bbox 414 1261 548 1294; x_wconf 75' lang='lat' dir='ltr'>debent</span> <span class='ocrx_word' id='word_1_133' title='bbox 560 1264 711 1295; x_wconf 82' lang='grc' dir='ltr'>τοιοῦτον</span> <span class='ocrx_word' id='word_1_134' title='bbox 722 1264 804 1305; x_wconf 80' lang='grc' dir='ltr'>γοῦν</span> <span class='ocrx_word' id='word_1_135' title='bbox 817 1262 886 1294; x_wconf 83' lang='grc' dir='ltr'>ἐστι</span> <span class='ocrx_word' id='word_1_136' title='bbox 896 1262 998 1294; x_wconf 79' lang='grc' dir='ltr'>καὶτὸ</span> <span class='ocrx_word' id='word_1_137' title='bbox 1012 1263 1102 1304; x_wconf 83' lang='grc' dir='ltr'>παρὰ</span> <span class='ocrx_word' id='word_1_138' title='bbox 1117 1263 1164 1303; x_wconf 71' lang='grc' dir='ltr'>τῷ</span> <span class='ocrx_word' id='word_1_139' title='bbox 1177 1262 1318 1295; x_wconf 72' lang='grc' dir='ltr'>Σόλωνιῑ</span> <span class='ocrx_word' id='word_1_140' title='bbox 1336 1262 1474 1299; x_wconf 76' lang='grc' dir='ltr'>δικάζε</span> <span class='ocrx_word' id='word_1_141' title='bbox 1484 1274 1522 1294; x_wconf 88' lang='grc' dir='ltr'>ιν</span> <span class='ocrx_word' id='word_1_142' title='bbox 1541 1261 1578 1293; x_wconf 83' lang='grc' dir='ltr'>δὲ</span> <span class='ocrx_word' id='word_1_143' title='bbox 1594 1262 1644 1300; x_wconf 83' lang='grc' dir='ltr'>τὴ</span> <span class='ocrx_word' id='word_1_144' title='bbox 1654 1272 1676 1292; x_wconf 84' lang='grc' dir='ltr'>ν</span> 
     </span>
     <span class='ocr_line' id='line_1_18' title="bbox 217 1316 1677 1360; baseline -0.003 -10"><span class='ocrx_word' id='word_1_145' title='bbox 217 1316 380 1357; x_wconf 80' lang='grc' dir='ltr'>βουλὴν</span> <span class='ocrx_word' id='word_1_146' title='bbox 402 1319 480 1357; x_wconf 86' lang='grc' dir='ltr'>τήν</span> <span class='ocrx_word' id='word_1_147' title='bbox 506 1317 548 1349; x_wconf 74' lang='grc' dir='ltr'>ἐν</span> <span class='ocrx_word' id='word_1_148' title='bbox 569 1317 703 1360; x_wconf 80' lang='grc' dir='ltr'>Ἀρείῳ</span> <span class='ocrx_word' id='word_1_149' title='bbox 729 1316 844 1359; x_wconf 82' lang='grc' dir='ltr'>πάγῳ</span> <span class='ocrx_word' id='word_1_150' title='bbox 867 1316 996 1358; x_wconf 84' lang='grc' dir='ltr'>φόνου</span> <span class='ocrx_word' id='word_1_151' title='bbox 1019 1317 1082 1348; x_wconf 82' lang='grc' dir='ltr'>καὶ</span> <span class='ocrx_word' id='word_1_152' title='bbox 1113 1316 1349 1359; x_wconf 81' lang='grc' dir='ltr'>τραύματος</span> <span class='ocrx_word' id='word_1_153' title='bbox 1373 1317 1443 1348; x_wconf 85' lang='grc' dir='ltr'>καὶ</span> <span class='ocrx_word' id='word_1_154' title='bbox 1470 1316 1677 1358; x_wconf 78' lang='grc' dir='ltr'>πυρκαϊᾶς</span> 
     </span>
     <span class='ocr_line' id='line_1_19' title="bbox 219 1368 1679 1415; baseline -0.003 -11"><span class='ocrx_word' id='word_1_155' title='bbox 219 1373 260 1404; x_wconf 73' lang='grc' dir='ltr'>ἐκ</span> <span class='ocrx_word' id='word_1_156' title='bbox 278 1373 489 1415; x_wconf 81' lang='grc' dir='ltr'><strong>προνοίας,</strong></span> <span class='ocrx_word' id='word_1_157' title='bbox 506 1373 572 1404; x_wconf 74' lang='grc' dir='ltr'>καὶ</span> <span class='ocrx_word' id='word_1_158' title='bbox 593 1371 814 1414; x_wconf 83' lang='grc' dir='ltr'>φάρμακον</span> <span class='ocrx_word' id='word_1_159' title='bbox 836 1370 912 1402; x_wconf 83' lang='grc' dir='ltr'>ἐάν</span> <span class='ocrx_word' id='word_1_160' title='bbox 929 1382 990 1408; x_wconf 85' lang='grc' dir='ltr'>τις</span> <span class='ocrx_word' id='word_1_161' title='bbox 1013 1370 1251 1413; x_wconf 73' lang='grc' dir='ltr'>ἀποκτείνῃ</span> <span class='ocrx_word' id='word_1_162' title='bbox 1267 1369 1373 1408; x_wconf 83' lang='grc' dir='ltr'>δούς.</span> <span class='ocrx_word' id='word_1_163' title='bbox 1391 1369 1470 1411; x_wconf 83' lang='lat' dir='ltr'>lege</span> <span class='ocrx_word' id='word_1_164' title='bbox 1488 1368 1679 1412; x_wconf 81' lang='grc' dir='ltr'>τραύματος</span> 
     </span>
     <span class='ocr_line' id='line_1_20' title="bbox 221 1421 1677 1468; baseline -0.001 -12"><span class='ocrx_word' id='word_1_165' title='bbox 221 1425 255 1457; x_wconf 74' lang='grc' dir='ltr'>ἐκ</span> <span class='ocrx_word' id='word_1_166' title='bbox 269 1426 429 1468; x_wconf 82' lang='grc' dir='ltr'>προνοίας</span> <span class='ocrx_word' id='word_1_167' title='bbox 445 1426 498 1457; x_wconf 83' lang='grc' dir='ltr'>καὶ</span> <span class='ocrx_word' id='word_1_168' title='bbox 516 1425 697 1468; x_wconf 83' lang='grc' dir='ltr'>πυρκαϊᾶς)</span> <span class='ocrx_word' id='word_1_169' title='bbox 715 1423 870 1457; x_wconf 64' lang='lat' dir='ltr'>Blaxim.</span> <span class='ocrx_word' id='word_1_170' title='bbox 893 1423 1031 1466; x_wconf 83' lang='lat' dir='ltr'>Prolog-</span> <span class='ocrx_word' id='word_1_171' title='bbox 1050 1423 1095 1455; x_wconf 84' lang='lat' dir='ltr'>ad</span> <span class='ocrx_word' id='word_1_172' title='bbox 1119 1423 1270 1466; x_wconf 85' lang='lat' dir='ltr'><strong>Dionys.</strong></span> <span class='ocrx_word' id='word_1_173' title='bbox 1290 1422 1503 1466; x_wconf 75' lang='lat' dir='ltr'>Areopagit.</span> <span class='ocrx_word' id='word_1_174' title='bbox 1531 1421 1677 1455; x_wconf 78' lang='lat' dir='ltr'>Hellad-</span> 
     </span>
     <span class='ocr_line' id='line_1_21' title="bbox 223 1477 1680 1522; baseline -0.001 -10"><span class='ocrx_word' id='word_1_175' title='bbox 223 1478 492 1512; x_wconf 85' lang='lat' dir='ltr'>Chrestomath.</span> <span class='ocrx_word' id='word_1_176' title='bbox 508 1479 599 1513; x_wconf 90' lang='lat' dir='ltr'>Poll.</span> <span class='ocrx_word' id='word_1_177' title='bbox 615 1478 730 1512; x_wconf 89' lang='lat' dir='ltr'><strong>VIII.</strong></span> <span class='ocrx_word' id='word_1_178' title='bbox 747 1480 802 1512; x_wconf 88' lang='lat'><strong>10.</strong></span> <span class='ocrx_word' id='word_1_179' title='bbox 819 1478 925 1512; x_wconf 81' lang='lat' dir='ltr'>Petit.</span> <span class='ocrx_word' id='word_1_180' title='bbox 942 1478 1003 1512; x_wconf 83' lang='lat' dir='ltr'>lib.</span> <span class='ocrx_word' id='word_1_181' title='bbox 1018 1481 1053 1512; x_wconf 90' lang='lat'>7.</span> <span class='ocrx_word' id='word_1_182' title='bbox 1068 1478 1124 1511; x_wconf 88' lang='lat' dir='ltr'>tit.</span> <span class='ocrx_word' id='word_1_183' title='bbox 1145 1480 1178 1512; x_wconf 92' lang='grc'>1.</span> <span class='ocrx_word' id='word_1_184' title='bbox 1193 1488 1298 1522; x_wconf 82' lang='lat' dir='ltr'><strong>pagg.</strong></span> <span class='ocrx_word' id='word_1_185' title='bbox 1312 1480 1394 1512; x_wconf 83' lang='lat'><strong>504.</strong></span> <span class='ocrx_word' id='word_1_186' title='bbox 1411 1479 1493 1512; x_wconf 80' lang='lat'><strong>525.</strong></span> <span class='ocrx_word' id='word_1_187' title='bbox 1512 1477 1574 1521; x_wconf 76' lang='lat' dir='ltr'>qui</span> <span class='ocrx_word' id='word_1_188' title='bbox 1586 1478 1680 1511; x_wconf 90' lang='lat' dir='ltr'>male</span> 
     </span>
     <span class='ocr_line' id='line_1_22' title="bbox 222 1532 1682 1576; baseline -0.002 -10"><span class='ocrx_word' id='word_1_189' title='bbox 222 1532 325 1567; x_wconf 85' lang='lat' dir='ltr'>binas</span> <span class='ocrx_word' id='word_1_190' title='bbox 342 1533 439 1576; x_wconf 84' lang='lat' dir='ltr'>leges</span> <span class='ocrx_word' id='word_1_191' title='bbox 460 1533 669 1576; x_wconf 83' lang='lat' dir='ltr'>procuderit</span> <span class='ocrx_word' id='word_1_192' title='bbox 691 1533 736 1566; x_wconf 87' lang='lat' dir='ltr'>de</span> <span class='ocrx_word' id='word_1_193' title='bbox 760 1533 826 1566; x_wconf 86' lang='lat' dir='ltr'>hac</span> <span class='ocrx_word' id='word_1_194' title='bbox 850 1532 1004 1574; x_wconf 81' lang='lat' dir='ltr'>actione,</span> <span class='ocrx_word' id='word_1_195' title='bbox 1024 1533 1222 1565; x_wconf 85' lang='lat' dir='ltr'>vocabatur</span> <span class='ocrx_word' id='word_1_196' title='bbox 1245 1533 1317 1573; x_wconf 77' lang='grc' dir='ltr'>δίκη</span> <span class='ocrx_word' id='word_1_197' title='bbox 1336 1533 1526 1576; x_wconf 77' lang='grc' dir='ltr'>τραύματος</span> <span class='ocrx_word' id='word_1_198' title='bbox 1548 1533 1582 1564; x_wconf 76' lang='grc' dir='ltr'>ἐκ</span> <span class='ocrx_word' id='word_1_199' title='bbox 1599 1544 1682 1576; x_wconf 83' lang='grc' dir='ltr'>προ-</span> 
     </span>
     <span class='ocr_line' id='line_1_23' title="bbox 222 1581 1682 1630; baseline -0.001 -10"><span class='ocrx_word' id='word_1_200' title='bbox 222 1589 328 1626; x_wconf 78' lang='grc' dir='ltr'>νοίας.</span> <span class='ocrx_word' id='word_1_201' title='bbox 378 1587 461 1620; x_wconf 87' lang='lat' dir='ltr'>Hac</span> <span class='ocrx_word' id='word_1_202' title='bbox 486 1587 565 1630; x_wconf 83' lang='lat' dir='ltr'>lege</span> <span class='ocrx_word' id='word_1_203' title='bbox 590 1589 610 1605; x_wconf 91' lang='lat'>“</span> <span class='ocrx_word' id='word_1_204' title='bbox 630 1597 702 1620; x_wconf 91' lang='lat' dir='ltr'>non</span> <span class='ocrx_word' id='word_1_205' title='bbox 729 1586 849 1620; x_wconf 85' lang='lat' dir='ltr'>exitus</span> <span class='ocrx_word' id='word_1_206' title='bbox 881 1581 1013 1625; x_wconf 85' lang='lat' dir='ltr'>rerum,</span> <span class='ocrx_word' id='word_1_207' title='bbox 1038 1586 1100 1619; x_wconf 91' lang='lat' dir='ltr'>sed</span> <span class='ocrx_word' id='word_1_208' title='bbox 1129 1585 1313 1619; x_wconf 84' lang='lat' dir='ltr'>hominum</span> <span class='ocrx_word' id='word_1_209' title='bbox 1340 1585 1504 1627; x_wconf 80' lang='lat' dir='ltr'>consilia,</span> <span class='ocrx_word' id='word_1_210' title='bbox 1526 1586 1568 1618; x_wconf 88' lang='lat' dir='ltr'>ut</span> <span class='ocrx_word' id='word_1_211' title='bbox 1596 1594 1682 1619; x_wconf 89' lang='lat' dir='ltr'>cum</span> 
     </span>
     <span class='ocr_line' id='line_1_24' title="bbox 223 1638 1683 1685; baseline -0.001 -11"><span class='ocrx_word' id='word_1_212' title='bbox 223 1641 399 1675; x_wconf 82' lang='lat' dir='ltr'>Cicerone</span> <span class='ocrx_word' id='word_1_213' title='bbox 413 1642 549 1685; x_wconf 82' lang='lat' dir='ltr'>loquar,</span> <span class='ocrx_word' id='word_1_214' title='bbox 562 1642 583 1659; x_wconf 90' lang='lat'>“</span> <span class='ocrx_word' id='word_1_215' title='bbox 594 1640 856 1680; x_wconf 85' lang='lat' dir='ltr'>vindicantur‚”</span> <span class='ocrx_word' id='word_1_216' title='bbox 869 1643 1029 1673; x_wconf 80' lang='lat' dir='ltr'>anteum</span> <span class='ocrx_word' id='word_1_217' title='bbox 1041 1640 1088 1673; x_wconf 94' lang='lat' dir='ltr'>D.</span> <span class='ocrx_word' id='word_1_218' title='bbox 1106 1639 1296 1674; x_wconf 81' lang='lat' dir='ltr'>Hadriano</span> <span class='ocrx_word' id='word_1_219' title='bbox 1309 1641 1332 1673; x_wconf 95' lang='lat' dir='ltr'><strong>l.</strong></span> <span class='ocrx_word' id='word_1_220' title='bbox 1349 1642 1406 1674; x_wconf 85' lang='lat'>14.</span> <span class='ocrx_word' id='word_1_221' title='bbox 1422 1639 1469 1673; x_wconf 94' lang='lat' dir='ltr'>D.</span> <span class='ocrx_word' id='word_1_222' title='bbox 1484 1640 1530 1672; x_wconf 87' lang='lat' dir='ltr'>ad</span> <span class='ocrx_word' id='word_1_223' title='bbox 1545 1638 1683 1682; x_wconf 83' lang='lat' dir='ltr'><strong>Legem</strong></span> 
     </span>
     <span class='ocr_line' id='line_1_25' title="bbox 224 1691 1685 1737; baseline -0.001 -9"><span class='ocrx_word' id='word_1_224' title='bbox 224 1695 431 1729; x_wconf 83' lang='lat' dir='ltr'>Corneliam</span> <span class='ocrx_word' id='word_1_225' title='bbox 460 1694 504 1728; x_wconf 87' lang='lat' dir='ltr'>de</span> <span class='ocrx_word' id='word_1_226' title='bbox 523 1694 685 1736; x_wconf 86' lang='lat' dir='ltr'>Sicariis,</span> <span class='ocrx_word' id='word_1_227' title='bbox 710 1695 733 1712; x_wconf 91' lang='lat'><strong>“</strong></span> <span class='ocrx_word' id='word_1_228' title='bbox 754 1694 790 1727; x_wconf 89' lang='lat' dir='ltr'>in</span> <span class='ocrx_word' id='word_1_229' title='bbox 818 1693 1000 1728; x_wconf 81' lang='lat' dir='ltr'>Malefieis</span> <span class='ocrx_word' id='word_1_230' title='bbox 1024 1694 1191 1727; x_wconf 81' lang='lat' dir='ltr'>voluntas</span> <span class='ocrx_word' id='word_1_231' title='bbox 1216 1697 1412 1737; x_wconf 83' lang='lat' dir='ltr'>spectatur,</span> <span class='ocrx_word' id='word_1_232' title='bbox 1435 1703 1508 1726; x_wconf 91' lang='lat' dir='ltr'>non</span> <span class='ocrx_word' id='word_1_233' title='bbox 1526 1691 1685 1727; x_wconf 80' lang='lat' dir='ltr'>exitus.’·</span> 
     </span>
     <span class='ocr_line' id='line_1_26' title="bbox 223 1747 1683 1794; baseline -0.002 -10"><span class='ocrx_word' id='word_1_234' title='bbox 223 1749 320 1784; x_wconf 84' lang='lat' dir='ltr'>Nam</span> <span class='ocrx_word' id='word_1_235' title='bbox 334 1750 394 1794; x_wconf 85' lang='lat' dir='ltr'>qui</span> <span class='ocrx_word' id='word_1_236' title='bbox 414 1750 522 1782; x_wconf 86' lang='lat' dir='ltr'>alium</span> <span class='ocrx_word' id='word_1_237' title='bbox 535 1748 735 1782; x_wconf 82' lang='lat' dir='ltr'>verberavit</span> <span class='ocrx_word' id='word_1_238' title='bbox 753 1759 814 1792; x_wconf 87' lang='lat' dir='ltr'>per</span> <span class='ocrx_word' id='word_1_239' title='bbox 828 1748 941 1781; x_wconf 83' lang='lat' dir='ltr'>rixam</span> <span class='ocrx_word' id='word_1_240' title='bbox 957 1748 1067 1781; x_wconf 88' lang='lat' dir='ltr'>autin</span> <span class='ocrx_word' id='word_1_241' title='bbox 1083 1748 1177 1788; x_wconf 85' lang='lat' dir='ltr'>vino,</span> <span class='ocrx_word' id='word_1_242' title='bbox 1189 1748 1248 1781; x_wconf 88' lang='lat' dir='ltr'>ille</span> <span class='ocrx_word' id='word_1_243' title='bbox 1262 1747 1453 1781; x_wconf 82' lang='lat' dir='ltr'>tenebatur</span> <span class='ocrx_word' id='word_1_244' title='bbox 1466 1747 1544 1790; x_wconf 84' lang='lat' dir='ltr'>lege</span> <span class='ocrx_word' id='word_1_245' title='bbox 1561 1748 1683 1789; x_wconf 79' lang='grc' dir='ltr'>αἰκίας,</span> 
     </span>
     <span class='ocr_line' id='line_1_27' title="bbox 223 1801 1685 1848; baseline -0.002 -10"><span class='ocrx_word' id='word_1_246' title='bbox 223 1815 305 1848; x_wconf 84' lang='lat' dir='ltr'>quae</span> <span class='ocrx_word' id='word_1_247' title='bbox 323 1804 417 1837; x_wconf 83' lang='lat' dir='ltr'>actio</span> <span class='ocrx_word' id='word_1_248' title='bbox 433 1806 509 1835; x_wconf 87' lang='lat' dir='ltr'>erat</span> <span class='ocrx_word' id='word_1_249' title='bbox 521 1802 672 1848; x_wconf 79' lang='lat' dir='ltr'>privata,</span> <span class='ocrx_word' id='word_1_250' title='bbox 690 1807 726 1836; x_wconf 85' lang='lat' dir='ltr'>et</span> <span class='ocrx_word' id='word_1_251' title='bbox 744 1802 889 1835; x_wconf 83' lang='lat' dir='ltr'>minoris</span> <span class='ocrx_word' id='word_1_252' title='bbox 904 1801 1165 1835; x_wconf 62' lang='lat' dir='ltr'>aestimabatur.</span> <span class='ocrx_word' id='word_1_253' title='bbox 1216 1801 1342 1844; x_wconf 85' lang='lat' dir='ltr'><strong>Lysias</strong></span> <span class='ocrx_word' id='word_1_254' title='bbox 1361 1813 1396 1845; x_wconf 90' lang='lat' dir='ltr'>p.</span> <span class='ocrx_word' id='word_1_255' title='bbox 1415 1803 1494 1835; x_wconf 81' lang='lat'><strong>159.</strong></span> <span class='ocrx_word' id='word_1_256' title='bbox 1511 1803 1546 1834; x_wconf 83' lang='lat'>5.</span> <span class='ocrx_word' id='word_1_257' title='bbox 1565 1802 1596 1834; x_wconf 85' lang='grc' dir='ltr'>οἱ</span> <span class='ocrx_word' id='word_1_258' title='bbox 1607 1802 1685 1842; x_wconf 79' lang='grc' dir='ltr'>τούς</span> 
     </span>
     <span class='ocr_line' id='line_1_28' title="bbox 224 1858 1685 1904; baseline -0.003 -10"><span class='ocrx_word' id='word_1_259' title='bbox 224 1863 348 1904; x_wconf 84' lang='grc' dir='ltr'>νόμους</span> <span class='ocrx_word' id='word_1_260' title='bbox 370 1859 487 1893; x_wconf 70' lang='grc' dir='ltr'>ἐνθάδε</span> <span class='ocrx_word' id='word_1_261' title='bbox 503 1860 633 1901; x_wconf 68' lang='grc' dir='ltr'>θέντες,</span> <span class='ocrx_word' id='word_1_262' title='bbox 652 1861 710 1892; x_wconf 80' lang='grc' dir='ltr'>οὐκ</span> <span class='ocrx_word' id='word_1_263' title='bbox 737 1859 763 1891; x_wconf 80' lang='grc' dir='ltr'>εἴ</span> <span class='ocrx_word' id='word_1_264' title='bbox 781 1871 868 1897; x_wconf 83' lang='grc' dir='ltr'>τινες</span> <span class='ocrx_word' id='word_1_265' title='bbox 892 1859 1117 1901; x_wconf 83' lang='grc' dir='ltr'>μαχεσάμενοι</span> <span class='ocrx_word' id='word_1_266' title='bbox 1137 1859 1260 1901; x_wconf 83' lang='grc' dir='ltr'>ἔτυχον</span> <span class='ocrx_word' id='word_1_267' title='bbox 1277 1858 1440 1898; x_wconf 74' lang='grc' dir='ltr'>ἀλλήλων</span> <span class='ocrx_word' id='word_1_268' title='bbox 1462 1858 1685 1897; x_wconf 77' lang='grc' dir='ltr'>κατεάξαντες</span> 
     </span>
     <span class='ocr_line' id='line_1_29' title="bbox 225 1912 1686 1958; baseline -0.003 -10"><span class='ocrx_word' id='word_1_269' title='bbox 225 1918 287 1955; x_wconf 84' lang='grc' dir='ltr'>τὰς</span> <span class='ocrx_word' id='word_1_270' title='bbox 302 1916 458 1958; x_wconf 82' lang='grc' dir='ltr'>κεφαλὰς,</span> <span class='ocrx_word' id='word_1_271' title='bbox 476 1915 531 1946; x_wconf 81' lang='grc' dir='ltr'>ἐπὶ</span> <span class='ocrx_word' id='word_1_272' title='bbox 544 1913 675 1952; x_wconf 76' lang='grc' dir='ltr'>τούτοις</span> <span class='ocrx_word' id='word_1_273' title='bbox 693 1914 840 1953; x_wconf 75' lang='grc' dir='ltr'>ἠξίωσαν</span> <span class='ocrx_word' id='word_1_274' title='bbox 855 1916 917 1952; x_wconf 82' lang='grc' dir='ltr'>τῆς</span> <span class='ocrx_word' id='word_1_275' title='bbox 932 1912 1092 1955; x_wconf 78' lang='grc' dir='ltr'>πατρίδος</span> <span class='ocrx_word' id='word_1_276' title='bbox 1108 1914 1223 1956; x_wconf 83' lang='grc' dir='ltr'>φυγὴν</span> <span class='ocrx_word' id='word_1_277' title='bbox 1241 1914 1507 1952; x_wconf 64' lang='grc' dir='ltr'>ποιήσασθαι-</span> <span class='ocrx_word' id='word_1_278' title='bbox 1519 1912 1597 1944; x_wconf 83' lang='grc' dir='ltr'>ἀλλ’</span> <span class='ocrx_word' id='word_1_279' title='bbox 1614 1912 1686 1945; x_wconf 80' lang='grc' dir='ltr'>ὅσοι</span> 
     </span>
     <span class='ocr_line' id='line_1_30' title="bbox 226 1965 1686 2011; baseline -0.003 -9"><span class='ocrx_word' id='word_1_280' title='bbox 226 1968 530 2011; x_wconf 72' lang='grc' dir='ltr'>ἐπιβουλεύσαντες</span> <span class='ocrx_word' id='word_1_281' title='bbox 544 1968 743 2000; x_wconf 83' lang='grc' dir='ltr'>ἀποκτεῖναι</span> <span class='ocrx_word' id='word_1_282' title='bbox 759 1968 856 2004; x_wconf 84' lang='grc' dir='ltr'>τινὰς</span> <span class='ocrx_word' id='word_1_283' title='bbox 874 1966 1033 2009; x_wconf 82' lang='grc' dir='ltr'>ἔτρωσαν,</span> <span class='ocrx_word' id='word_1_284' title='bbox 1054 1966 1253 1999; x_wconf 80' lang='grc' dir='ltr'>ἀποκτεῖναι</span> <span class='ocrx_word' id='word_1_285' title='bbox 1268 1966 1299 1998; x_wconf 81' lang='grc' dir='ltr'>δὲ</span> <span class='ocrx_word' id='word_1_286' title='bbox 1319 1967 1377 1998; x_wconf 77' lang='grc' dir='ltr'>οὐκ</span> <span class='ocrx_word' id='word_1_287' title='bbox 1394 1965 1629 2007; x_wconf 68' lang='grc' dir='ltr'>ἠδυνήθησαν,</span> <span class='ocrx_word' id='word_1_288' title='bbox 1647 1967 1686 1999; x_wconf 83' lang='lat' dir='ltr'>et</span> 
     </span>
     <span class='ocr_line' id='line_1_31' title="bbox 228 2019 1688 2068; baseline -0.002 -12"><span class='ocrx_word' id='word_1_289' title='bbox 228 2035 310 2068; x_wconf 84' lang='lat' dir='ltr'>quae</span> <span class='ocrx_word' id='word_1_290' title='bbox 327 2026 542 2067; x_wconf 77' lang='lat' dir='ltr'>sequuntur.</span> <span class='ocrx_word' id='word_1_291' title='bbox 593 2020 764 2054; x_wconf 77' lang='lat' dir='ltr'>Similiter</span> <span class='ocrx_word' id='word_1_292' title='bbox 779 2020 816 2053; x_wconf 92' lang='lat' dir='ltr'>in</span> <span class='ocrx_word' id='word_1_293' title='bbox 833 2020 923 2053; x_wconf 83' lang='lat' dir='ltr'>Jure</span> <span class='ocrx_word' id='word_1_294' title='bbox 942 2019 1060 2062; x_wconf 84' lang='lat' dir='ltr'>Civili,</span> <span class='ocrx_word' id='word_1_295' title='bbox 1080 2021 1102 2053; x_wconf 93' lang='lat' dir='ltr'><strong>l.</strong></span> <span class='ocrx_word' id='word_1_296' title='bbox 1124 2022 1155 2053; x_wconf 90' lang='lat'>1.</span> <span class='ocrx_word' id='word_1_297' title='bbox 1174 2020 1204 2063; x_wconf 59' lang='grc' dir='ltr'>ξ.</span> <span class='ocrx_word' id='word_1_298' title='bbox 1227 2023 1260 2053; x_wconf 90' lang='grc'>3.</span> <span class='ocrx_word' id='word_1_299' title='bbox 1286 2020 1333 2053; x_wconf 91' lang='lat' dir='ltr'><strong>D.</strong></span> <span class='ocrx_word' id='word_1_300' title='bbox 1355 2020 1399 2052; x_wconf 90' lang='lat' dir='ltr'>ad</span> <span class='ocrx_word' id='word_1_301' title='bbox 1419 2020 1533 2062; x_wconf 86' lang='lat' dir='ltr'>legem</span> <span class='ocrx_word' id='word_1_302' title='bbox 1552 2019 1688 2053; x_wconf 87' lang='lat' dir='ltr'>Corne-</span> 
     </span>
     <span class='ocr_line' id='line_1_32' title="bbox 229 2073 1687 2118; baseline -0.003 -6"><span class='ocrx_word' id='word_1_303' title='bbox 229 2079 314 2112; x_wconf 81' lang='lat' dir='ltr'>liam</span> <span class='ocrx_word' id='word_1_304' title='bbox 343 2078 388 2111; x_wconf 84' lang='lat' dir='ltr'>de</span> <span class='ocrx_word' id='word_1_305' title='bbox 406 2075 560 2110; x_wconf 76' lang='lat' dir='ltr'>Sicanis.</span> <span class='ocrx_word' id='word_1_306' title='bbox 591 2076 614 2092; x_wconf 90' lang='lat'><strong>“</strong></span> <span class='ocrx_word' id='word_1_307' title='bbox 634 2075 753 2108; x_wconf 86' lang='lat' dir='ltr'>Divus</span> <span class='ocrx_word' id='word_1_308' title='bbox 777 2075 986 2108; x_wconf 83' lang='lat' dir='ltr'>Hadrianus</span> <span class='ocrx_word' id='word_1_309' title='bbox 1008 2073 1202 2117; x_wconf 83' lang='lat' dir='ltr'>rescripsit,</span> <span class='ocrx_word' id='word_1_310' title='bbox 1221 2084 1316 2113; x_wconf 92' lang='lat' dir='ltr'>eum,</span> <span class='ocrx_word' id='word_1_311' title='bbox 1334 2074 1394 2118; x_wconf 91' lang='lat' dir='ltr'>qui</span> <span class='ocrx_word' id='word_1_312' title='bbox 1416 2074 1601 2107; x_wconf 85' lang='lat' dir='ltr'>hominem</span> <span class='ocrx_word' id='word_1_313' title='bbox 1627 2084 1687 2108; x_wconf 90' lang='lat' dir='ltr'>oc-</span> 
     </span>
     <span class='ocr_line' id='line_1_33' title="bbox 233 2129 1688 2177; baseline -0.003 -9"><span class='ocrx_word' id='word_1_314' title='bbox 233 2134 333 2177; x_wconf 83' lang='lat' dir='ltr'>cidit,</span> <span class='ocrx_word' id='word_1_315' title='bbox 351 2132 380 2167; x_wconf 90' lang='lat' dir='ltr'>si</span> <span class='ocrx_word' id='word_1_316' title='bbox 399 2143 469 2166; x_wconf 83' lang='lat' dir='ltr'>non</span> <span class='ocrx_word' id='word_1_317' title='bbox 487 2131 676 2165; x_wconf 88' lang='lat' dir='ltr'>occidendi</span> <span class='ocrx_word' id='word_1_318' title='bbox 690 2131 808 2164; x_wconf 86' lang='lat' dir='ltr'>animo</span> <span class='ocrx_word' id='word_1_319' title='bbox 821 2130 887 2163; x_wconf 86' lang='lat' dir='ltr'>hoc</span> <span class='ocrx_word' id='word_1_320' title='bbox 905 2129 1061 2171; x_wconf 80' lang='lat' dir='ltr'>admisit,</span> <span class='ocrx_word' id='word_1_321' title='bbox 1076 2130 1210 2163; x_wconf 86' lang='lat' dir='ltr'>absolvi</span> <span class='ocrx_word' id='word_1_322' title='bbox 1225 2141 1327 2173; x_wconf 88' lang='lat' dir='ltr'>posse</span> <span class='ocrx_word' id='word_1_323' title='bbox 1342 2141 1351 2164; x_wconf 71' lang='grc' dir='ltr'>ι</span> <span class='ocrx_word' id='word_1_324' title='bbox 1378 2133 1415 2163; x_wconf 87' lang='lat' dir='ltr'>et</span> <span class='ocrx_word' id='word_1_325' title='bbox 1431 2130 1492 2174; x_wconf 91' lang='lat' dir='ltr'>qui</span> <span class='ocrx_word' id='word_1_326' title='bbox 1505 2129 1688 2164; x_wconf 83' lang='lat' dir='ltr'>hominem</span> 
     </span>
     <span class='ocr_line' id='line_1_34' title="bbox 233 2184 1687 2230; baseline -0.002 -7"><span class='ocrx_word' id='word_1_327' title='bbox 233 2201 302 2224; x_wconf 79' lang='lat' dir='ltr'>non</span> <span class='ocrx_word' id='word_1_328' title='bbox 326 2187 459 2229; x_wconf 78' lang='lat' dir='ltr'>occidit,</span> <span class='ocrx_word' id='word_1_329' title='bbox 487 2187 547 2221; x_wconf 80' lang='lat' dir='ltr'>sed</span> <span class='ocrx_word' id='word_1_330' title='bbox 571 2186 763 2221; x_wconf 82' lang='lat' dir='ltr'>vulneravit</span> <span class='ocrx_word' id='word_1_331' title='bbox 785 2192 823 2220; x_wconf 82' lang='lat' dir='ltr'>ut</span> <span class='ocrx_word' id='word_1_332' title='bbox 846 2185 988 2224; x_wconf 78' lang='lat' dir='ltr'>occidat,</span> <span class='ocrx_word' id='word_1_333' title='bbox 1007 2197 1076 2230; x_wconf 83' lang='lat' dir='ltr'>pro</span> <span class='ocrx_word' id='word_1_334' title='bbox 1101 2184 1271 2220; x_wconf 79' lang='lat' dir='ltr'>homicida</span> <span class='ocrx_word' id='word_1_335' title='bbox 1296 2186 1550 2220; x_wconf 76' lang='lat' dir='ltr'>damnandum:</span> <span class='ocrx_word' id='word_1_336' title='bbox 1575 2188 1612 2219; x_wconf 84' lang='lat' dir='ltr'>et</span> <span class='ocrx_word' id='word_1_337' title='bbox 1639 2197 1687 2220; x_wconf 85' lang='lat' dir='ltr'>ex</span> 
     </span>
     <span class='ocr_line' id='line_1_35' title="bbox 153 2239 1688 2284; baseline -0.001 -9"><span class='ocrx_word' id='word_1_338' title='bbox 153 2242 219 2271; x_wconf 84' lang='lat'>⁷14</span> <span class='ocrx_word' id='word_1_339' title='bbox 235 2253 273 2277; x_wconf 88' lang='lat' dir='ltr'>re</span> <span class='ocrx_word' id='word_1_340' title='bbox 291 2242 581 2278; x_wconf 76' lang='lat' dir='ltr'>constituendum</span> <span class='ocrx_word' id='word_1_341' title='bbox 604 2243 683 2276; x_wconf 83' lang='lat' dir='ltr'><strong>hoc.</strong></span> <span class='ocrx_word' id='word_1_342' title='bbox 735 2241 829 2275; x_wconf 83' lang='lat' dir='ltr'>Nam</span> <span class='ocrx_word' id='word_1_343' title='bbox 847 2240 875 2273; x_wconf 87' lang='lat' dir='ltr'>si</span> <span class='ocrx_word' id='word_1_344' title='bbox 898 2240 1057 2283; x_wconf 82' lang='lat' dir='ltr'>gladium</span> <span class='ocrx_word' id='word_1_345' title='bbox 1083 2240 1255 2281; x_wconf 86' lang='lat' dir='ltr'>strixerit,</span> <span class='ocrx_word' id='word_1_346' title='bbox 1273 2244 1310 2274; x_wconf 86' lang='lat' dir='ltr'>et</span> <span class='ocrx_word' id='word_1_347' title='bbox 1330 2240 1366 2273; x_wconf 91' lang='lat' dir='ltr'>in</span> <span class='ocrx_word' id='word_1_348' title='bbox 1389 2251 1432 2274; x_wconf 84' lang='lat' dir='ltr'>eo</span> <span class='ocrx_word' id='word_1_349' title='bbox 1455 2239 1688 2284; x_wconf 79' lang='lat' dir='ltr'>percusserit,</span> 
     </span>
     <span class='ocr_line' id='line_1_36' title="bbox 235 2294 1690 2338; baseline -0.003 -6"><span class='ocrx_word' id='word_1_350' title='bbox 235 2299 436 2333; x_wconf 83' lang='lat' dir='ltr'>indubitate</span> <span class='ocrx_word' id='word_1_351' title='bbox 453 2297 643 2331; x_wconf 85' lang='lat' dir='ltr'>occidendi</span> <span class='ocrx_word' id='word_1_352' title='bbox 661 2296 781 2330; x_wconf 83' lang='lat' dir='ltr'>animo</span> <span class='ocrx_word' id='word_1_353' title='bbox 801 2295 837 2329; x_wconf 89' lang='lat' dir='ltr'>id</span> <span class='ocrx_word' id='word_1_354' title='bbox 861 2306 944 2328; x_wconf 86' lang='lat' dir='ltr'>cum</span> <span class='ocrx_word' id='word_1_355' title='bbox 963 2294 1169 2328; x_wconf 81' lang='lat' dir='ltr'>admisisse:</span> <span class='ocrx_word' id='word_1_356' title='bbox 1196 2295 1260 2329; x_wconf 88' lang='lat' dir='ltr'>sed</span> <span class='ocrx_word' id='word_1_357' title='bbox 1278 2295 1306 2329; x_wconf 93' lang='lat' dir='ltr'>si</span> <span class='ocrx_word' id='word_1_358' title='bbox 1323 2295 1417 2328; x_wconf 88' lang='lat' dir='ltr'>clavi</span> <span class='ocrx_word' id='word_1_359' title='bbox 1434 2294 1610 2338; x_wconf 81' lang='lat' dir='ltr'>percussit</span> <span class='ocrx_word' id='word_1_360' title='bbox 1626 2297 1690 2328; x_wconf 86' lang='lat' dir='ltr'>aut</span> 
     </span>
     <span class='ocr_line' id='line_1_37' title="bbox 236 2347 1687 2396; baseline -0.003 -10"><span class='ocrx_word' id='word_1_361' title='bbox 236 2363 412 2386; x_wconf 87' lang='lat' dir='ltr'>cuccuma</span> <span class='ocrx_word' id='word_1_362' title='bbox 427 2352 464 2385; x_wconf 89' lang='lat' dir='ltr'>in</span> <span class='ocrx_word' id='word_1_363' title='bbox 482 2352 572 2393; x_wconf 83' lang='lat' dir='ltr'>rixa,</span> <span class='ocrx_word' id='word_1_364' title='bbox 588 2352 753 2396; x_wconf 86' lang='lat' dir='ltr'>quamvis</span> <span class='ocrx_word' id='word_1_365' title='bbox 768 2351 862 2384; x_wconf 84' lang='lat' dir='ltr'>ferro</span> <span class='ocrx_word' id='word_1_366' title='bbox 879 2349 1106 2393; x_wconf 82' lang='lat' dir='ltr'>percusserit,</span> <span class='ocrx_word' id='word_1_367' title='bbox 1125 2353 1246 2382; x_wconf 87' lang='lat' dir='ltr'>tamen</span> <span class='ocrx_word' id='word_1_368' title='bbox 1265 2359 1336 2382; x_wconf 92' lang='lat' dir='ltr'>non</span> <span class='ocrx_word' id='word_1_369' title='bbox 1351 2349 1541 2382; x_wconf 87' lang='lat' dir='ltr'>occidendi</span> <span class='ocrx_word' id='word_1_370' title='bbox 1554 2347 1687 2391; x_wconf 88' lang='lat' dir='ltr'>animo,</span> 
     </span>
     <span class='ocr_line' id='line_1_38' title="bbox 237 2402 1690 2450; baseline -0.003 -10"><span class='ocrx_word' id='word_1_371' title='bbox 237 2407 440 2440; x_wconf 87' lang='lat' dir='ltr'>leniendam</span> <span class='ocrx_word' id='word_1_372' title='bbox 458 2417 606 2450; x_wconf 82' lang='lat' dir='ltr'>poenam</span> <span class='ocrx_word' id='word_1_373' title='bbox 624 2405 714 2448; x_wconf 79' lang='lat' dir='ltr'>ejus,</span> <span class='ocrx_word' id='word_1_374' title='bbox 735 2404 796 2448; x_wconf 89' lang='lat' dir='ltr'>qui</span> <span class='ocrx_word' id='word_1_375' title='bbox 818 2405 854 2438; x_wconf 92' lang='lat' dir='ltr'>in</span> <span class='ocrx_word' id='word_1_376' title='bbox 871 2404 950 2437; x_wconf 87' lang='lat' dir='ltr'>rixa</span> <span class='ocrx_word' id='word_1_377' title='bbox 963 2414 1051 2438; x_wconf 89' lang='lat' dir='ltr'>casu</span> <span class='ocrx_word' id='word_1_378' title='bbox 1071 2404 1195 2447; x_wconf 82' lang='lat' dir='ltr'>magis,</span> <span class='ocrx_word' id='word_1_379' title='bbox 1213 2414 1321 2448; x_wconf 88' lang='lat' dir='ltr'>quam</span> <span class='ocrx_word' id='word_1_380' title='bbox 1337 2403 1523 2436; x_wconf 82' lang='lat' dir='ltr'>voluntate</span> <span class='ocrx_word' id='word_1_381' title='bbox 1541 2402 1690 2436; x_wconf 82' lang='lat' dir='ltr'>homici-</span> 
     </span>
     <span class='ocr_line' id='line_1_39' title="bbox 238 2456 1690 2504; baseline -0.003 -9"><span class='ocrx_word' id='word_1_382' title='bbox 238 2461 336 2496; x_wconf 87' lang='lat' dir='ltr'>dium</span> <span class='ocrx_word' id='word_1_383' title='bbox 356 2459 536 2495; x_wconf 83' lang='lat' dir='ltr'>admisit.&#39;’</span> <span class='ocrx_word' id='word_1_384' title='bbox 584 2460 714 2504; x_wconf 87' lang='lat' dir='ltr'>Itaque</span> <span class='ocrx_word' id='word_1_385' title='bbox 725 2459 908 2502; x_wconf 78' lang='lat' dir='ltr'>rescripsit</span> <span class='ocrx_word' id='word_1_386' title='bbox 922 2459 1015 2502; x_wconf 90' lang='lat' dir='ltr'><strong>Imp.</strong></span> <span class='ocrx_word' id='word_1_387' title='bbox 1033 2457 1241 2492; x_wconf 85' lang='lat' dir='ltr'>Antoninus</span> <span class='ocrx_word' id='word_1_388' title='bbox 1256 2459 1279 2491; x_wconf 93' lang='lat' dir='ltr'><strong>l.</strong></span> <span class='ocrx_word' id='word_1_389' title='bbox 1295 2460 1327 2491; x_wconf 88' lang='lat' dir='ltr'>l.</span> <span class='ocrx_word' id='word_1_390' title='bbox 1353 2457 1395 2491; x_wconf 86' lang='lat' dir='ltr'>C.</span> <span class='ocrx_word' id='word_1_391' title='bbox 1410 2456 1492 2491; x_wconf 87' lang='lat' dir='ltr'>cod.</span> <span class='ocrx_word' id='word_1_392' title='bbox 1519 2457 1543 2475; x_wconf 87' lang='lat'>“</span> <span class='ocrx_word' id='word_1_393' title='bbox 1561 2457 1690 2491; x_wconf 88' lang='lat' dir='ltr'>Frater</span> 
     </span>
     <span class='ocr_line' id='line_1_40' title="bbox 238 2511 1689 2556; baseline -0.003 -6"><span class='ocrx_word' id='word_1_394' title='bbox 238 2518 355 2550; x_wconf 82' lang='lat' dir='ltr'>vester</span> <span class='ocrx_word' id='word_1_395' title='bbox 376 2515 508 2549; x_wconf 88' lang='lat' dir='ltr'>rectius</span> <span class='ocrx_word' id='word_1_396' title='bbox 531 2514 666 2553; x_wconf 79' lang='lat' dir='ltr'>fecerit,</span> <span class='ocrx_word' id='word_1_397' title='bbox 684 2514 712 2546; x_wconf 87' lang='lat' dir='ltr'>si</span> <span class='ocrx_word' id='word_1_398' title='bbox 735 2524 773 2547; x_wconf 87' lang='lat' dir='ltr'>se</span> <span class='ocrx_word' id='word_1_399' title='bbox 793 2513 946 2547; x_wconf 84' lang='lat' dir='ltr'>Praesidi</span> <span class='ocrx_word' id='word_1_400' title='bbox 965 2513 1159 2556; x_wconf 78' lang='lat' dir='ltr'>provinciae</span> <span class='ocrx_word' id='word_1_401' title='bbox 1177 2512 1361 2546; x_wconf 86' lang='lat' dir='ltr'>obtulerit.</span> <span class='ocrx_word' id='word_1_402' title='bbox 1411 2511 1484 2552; x_wconf 82' lang='lat' dir='ltr'>Qui</span> <span class='ocrx_word' id='word_1_403' title='bbox 1509 2511 1538 2545; x_wconf 92' lang='lat' dir='ltr'>si</span> <span class='ocrx_word' id='word_1_404' title='bbox 1561 2511 1689 2555; x_wconf 86' lang='lat' dir='ltr'>proba-</span> 
     </span>
     <span class='ocr_line' id='line_1_41' title="bbox 238 2565 1690 2611; baseline -0.004 -7"><span class='ocrx_word' id='word_1_405' title='bbox 238 2571 345 2611; x_wconf 88' lang='lat' dir='ltr'>verit,</span> <span class='ocrx_word' id='word_1_406' title='bbox 362 2581 433 2603; x_wconf 90' lang='lat' dir='ltr'>non</span> <span class='ocrx_word' id='word_1_407' title='bbox 450 2569 641 2602; x_wconf 87' lang='lat' dir='ltr'>occidendi</span> <span class='ocrx_word' id='word_1_408' title='bbox 659 2569 777 2602; x_wconf 84' lang='lat' dir='ltr'>animo</span> <span class='ocrx_word' id='word_1_409' title='bbox 795 2567 977 2600; x_wconf 87' lang='lat' dir='ltr'>hominem</span> <span class='ocrx_word' id='word_1_410' title='bbox 995 2578 1017 2601; x_wconf 85' lang='lat' dir='ltr'>a</span> <span class='ocrx_word' id='word_1_411' title='bbox 1034 2578 1071 2600; x_wconf 86' lang='lat' dir='ltr'>se</span> <span class='ocrx_word' id='word_1_412' title='bbox 1087 2576 1299 2611; x_wconf 80' lang='lat' dir='ltr'>percussum</span> <span class='ocrx_word' id='word_1_413' title='bbox 1313 2576 1404 2607; x_wconf 87' lang='lat' dir='ltr'>esse,</span> <span class='ocrx_word' id='word_1_414' title='bbox 1416 2565 1563 2599; x_wconf 85' lang='lat' dir='ltr'>remissa</span> <span class='ocrx_word' id='word_1_415' title='bbox 1577 2565 1690 2599; x_wconf 85' lang='lat' dir='ltr'>homi·</span> 
     </span>
     <span class='ocr_line' id='line_1_42' title="bbox 240 2619 1691 2669; baseline -0.005 -10"><span class='ocrx_word' id='word_1_416' title='bbox 240 2626 324 2659; x_wconf 88' lang='lat' dir='ltr'>cidii</span> <span class='ocrx_word' id='word_1_417' title='bbox 338 2635 447 2669; x_wconf 83' lang='lat' dir='ltr'>poena</span> <span class='ocrx_word' id='word_1_418' title='bbox 462 2624 663 2656; x_wconf 83' lang='lat' dir='ltr'>secundum</span> <span class='ocrx_word' id='word_1_419' title='bbox 681 2622 906 2665; x_wconf 82' lang='lat' dir='ltr'>disciplinam</span> <span class='ocrx_word' id='word_1_420' title='bbox 923 2622 1113 2654; x_wconf 85' lang='lat' dir='ltr'>militarem</span> <span class='ocrx_word' id='word_1_421' title='bbox 1128 2620 1343 2653; x_wconf 78' lang='lat' dir='ltr'>sententiam</span> <span class='ocrx_word' id='word_1_422' title='bbox 1362 2619 1537 2663; x_wconf 80' lang='lat' dir='ltr'>proferet:</span> <span class='ocrx_word' id='word_1_423' title='bbox 1555 2619 1691 2653; x_wconf 84' lang='lat' dir='ltr'>crimen</span> 
     </span>
     <span class='ocr_line' id='line_1_43' title="bbox 240 2674 1690 2718; baseline -0.004 -5"><span class='ocrx_word' id='word_1_424' title='bbox 240 2680 334 2713; x_wconf 86' lang='lat' dir='ltr'>enim</span> <span class='ocrx_word' id='word_1_425' title='bbox 357 2677 592 2717; x_wconf 81' lang='lat' dir='ltr'>contrahitur,</span> <span class='ocrx_word' id='word_1_426' title='bbox 611 2677 638 2709; x_wconf 89' lang='lat' dir='ltr'>si</span> <span class='ocrx_word' id='word_1_427' title='bbox 657 2681 694 2710; x_wconf 84' lang='lat' dir='ltr'>et</span> <span class='ocrx_word' id='word_1_428' title='bbox 712 2676 876 2709; x_wconf 78' lang='lat' dir='ltr'>voluutas</span> <span class='ocrx_word' id='word_1_429' title='bbox 899 2676 1054 2709; x_wconf 85' lang='lat' dir='ltr'>nocendi</span> <span class='ocrx_word' id='word_1_430' title='bbox 1077 2675 1290 2708; x_wconf 83' lang='lat' dir='ltr'>intercedat.</span> <span class='ocrx_word' id='word_1_431' title='bbox 1342 2674 1514 2708; x_wconf 81' lang='lat' dir='ltr'>Ceterum</span> <span class='ocrx_word' id='word_1_432' title='bbox 1537 2684 1591 2716; x_wconf 87' lang='lat' dir='ltr'>ea,</span> <span class='ocrx_word' id='word_1_433' title='bbox 1607 2683 1690 2718; x_wconf 89' lang='lat' dir='ltr'>quae</span> 
     </span>
     <span class='ocr_line' id='line_1_44' title="bbox 241 2728 1691 2777; baseline -0.003 -10"><span class='ocrx_word' id='word_1_434' title='bbox 241 2745 286 2767; x_wconf 84' lang='lat' dir='ltr'>ex</span> <span class='ocrx_word' id='word_1_435' title='bbox 312 2733 503 2777; x_wconf 81' lang='lat' dir='ltr'>improviso</span> <span class='ocrx_word' id='word_1_436' title='bbox 526 2741 611 2764; x_wconf 83' lang='lat' dir='ltr'>casu</span> <span class='ocrx_word' id='word_1_437' title='bbox 637 2728 768 2773; x_wconf 76' lang='lat' dir='ltr'>potius,</span> <span class='ocrx_word' id='word_1_438' title='bbox 791 2740 901 2772; x_wconf 86' lang='lat' dir='ltr'>quam</span> <span class='ocrx_word' id='word_1_439' title='bbox 920 2730 1042 2762; x_wconf 81' lang='lat' dir='ltr'>fraude</span> <span class='ocrx_word' id='word_1_440' title='bbox 1070 2728 1251 2769; x_wconf 82' lang='lat' dir='ltr'>accidunt,</span> <span class='ocrx_word' id='word_1_441' title='bbox 1277 2728 1348 2761; x_wconf 79' lang='lat' dir='ltr'>fato</span> <span class='ocrx_word' id='word_1_442' title='bbox 1372 2728 1600 2770; x_wconf 87' lang='lat' dir='ltr'>plerumque,</span> <span class='ocrx_word' id='word_1_443' title='bbox 1618 2738 1691 2762; x_wconf 90' lang='lat' dir='ltr'>non</span> 
     </span>
     <span class='ocr_line' id='line_1_45' title="bbox 241 2781 1687 2830; baseline -0.005 -8"><span class='ocrx_word' id='word_1_444' title='bbox 241 2799 348 2822; x_wconf 85' lang='lat' dir='ltr'>noxae</span> <span class='ocrx_word' id='word_1_445' title='bbox 360 2784 616 2830; x_wconf 83' lang='lat' dir='ltr'>imputantur.”</span> <span class='ocrx_word' id='word_1_446' title='bbox 663 2781 781 2817; x_wconf 72' lang='lat' dir='ltr'>Acut&#39;e</span> <span class='ocrx_word' id='word_1_447' title='bbox 802 2783 931 2815; x_wconf 80' lang='lat' dir='ltr'>limites</span> <span class='ocrx_word' id='word_1_448' title='bbox 948 2783 1047 2826; x_wconf 82' lang='lat' dir='ltr'>ponit</span> <span class='ocrx_word' id='word_1_449' title='bbox 1064 2782 1155 2815; x_wconf 83' lang='lat' dir='ltr'>inter</span> <span class='ocrx_word' id='word_1_450' title='bbox 1168 2792 1296 2814; x_wconf 84' lang='lat' dir='ltr'>causas</span> <span class='ocrx_word' id='word_1_451' title='bbox 1313 2783 1538 2824; x_wconf 83' lang='grc' dir='ltr'>Κακηγορίας,</span> <span class='ocrx_word' id='word_1_452' title='bbox 1558 2782 1687 2825; x_wconf 56' lang='lat' dir='ltr'>Atreias,</span> 
     </span>
     <span class='ocr_line' id='line_1_46' title="bbox 241 2835 1687 2886; baseline -0.005 -10"><span class='ocrx_word' id='word_1_453' title='bbox 241 2846 276 2876; x_wconf 89' lang='lat' dir='ltr'>et</span> <span class='ocrx_word' id='word_1_454' title='bbox 289 2842 485 2886; x_wconf 82' lang='grc' dir='ltr'>Τραύματος</span> <span class='ocrx_word' id='word_1_455' title='bbox 503 2841 535 2872; x_wconf 80' lang='grc' dir='ltr'>ἐκ</span> <span class='ocrx_word' id='word_1_456' title='bbox 550 2839 711 2882; x_wconf 82' lang='grc' dir='ltr'>προνοίας</span> <span class='ocrx_word' id='word_1_457' title='bbox 725 2838 853 2869; x_wconf 80' lang='lat' dir='ltr'>Orator</span> <span class='ocrx_word' id='word_1_458' title='bbox 871 2847 902 2869; x_wconf 85' lang='lat' dir='ltr'><strong>c.</strong></span> <span class='ocrx_word' id='word_1_459' title='bbox 920 2837 1118 2875; x_wconf 78' lang='lat' dir='ltr'>Cononem,</span> <span class='ocrx_word' id='word_1_460' title='bbox 1135 2836 1195 2877; x_wconf 87' lang='lat' dir='ltr'>qui</span> <span class='ocrx_word' id='word_1_461' title='bbox 1212 2836 1311 2868; x_wconf 88' lang='lat' dir='ltr'>locus</span> <span class='ocrx_word' id='word_1_462' title='bbox 1333 2835 1478 2867; x_wconf 85' lang='lat' dir='ltr'>omnino</span> <span class='ocrx_word' id='word_1_463' title='bbox 1493 2837 1549 2867; x_wconf 85' lang='lat' dir='ltr'>est</span> <span class='ocrx_word' id='word_1_464' title='bbox 1565 2836 1687 2869; x_wconf 81' lang='lat' dir='ltr'>confe-</span> 
     </span>
     <span class='ocr_line' id='line_1_47' title="bbox 240 2887 1687 2935; baseline -0.003 -6"><span class='ocrx_word' id='word_1_465' title='bbox 240 2897 384 2930; x_wconf 85' lang='lat' dir='ltr'>rendus.</span> <span class='ocrx_word' id='word_1_466' title='bbox 436 2895 482 2928; x_wconf 91' lang='lat' dir='ltr'>In</span> <span class='ocrx_word' id='word_1_467' title='bbox 500 2894 564 2927; x_wconf 88' lang='lat' dir='ltr'>hac</span> <span class='ocrx_word' id='word_1_468' title='bbox 582 2893 660 2935; x_wconf 80' lang='lat' dir='ltr'>lege</span> <span class='ocrx_word' id='word_1_469' title='bbox 678 2891 792 2934; x_wconf 86' lang='lat' dir='ltr'>primo</span> <span class='ocrx_word' id='word_1_470' title='bbox 811 2889 949 2923; x_wconf 84' lang='lat' dir='ltr'>restitui</span> <span class='ocrx_word' id='word_1_471' title='bbox 974 2899 1098 2922; x_wconf 85' lang='lat' dir='ltr'>vocem</span> <span class='ocrx_word' id='word_1_472' title='bbox 1123 2889 1260 2933; x_wconf 83' lang='grc' dir='ltr'>πάγου</span> <span class='ocrx_word' id='word_1_473' title='bbox 1277 2899 1322 2922; x_wconf 89' lang='lat' dir='ltr'>cx</span> <span class='ocrx_word' id='word_1_474' title='bbox 1341 2887 1432 2922; x_wconf 87' lang='lat' dir='ltr'>Cod.</span> <span class='ocrx_word' id='word_1_475' title='bbox 1449 2888 1537 2922; x_wconf 88' lang='lat' dir='ltr'><strong>MS.</strong></span> <span class='ocrx_word' id='word_1_476' title='bbox 1555 2889 1687 2924; x_wconf 80' lang='lat' dir='ltr'>deinde</span> 
     </span>
     <span class='ocr_line' id='line_1_48' title="bbox 241 2943 1689 2993; baseline -0.004 -9"><span class='ocrx_word' id='word_1_477' title='bbox 241 2951 347 2984; x_wconf 87' lang='lat' dir='ltr'>docui</span> <span class='ocrx_word' id='word_1_478' title='bbox 366 2951 436 2984; x_wconf 84' lang='lat' dir='ltr'>ista</span> <span class='ocrx_word' id='word_1_479' title='bbox 452 2952 472 2990; x_wconf 83' lang='grc' dir='ltr'>ἣ</span> <span class='ocrx_word' id='word_1_480' title='bbox 487 2949 674 2993; x_wconf 73' lang='grc' dir='ltr'>τραύματος</span> <span class='ocrx_word' id='word_1_481' title='bbox 691 2948 724 2979; x_wconf 76' lang='grc' dir='ltr'>ἐκ</span> <span class='ocrx_word' id='word_1_482' title='bbox 741 2947 902 2990; x_wconf 79' lang='grc' dir='ltr'>προνοίας</span> <span class='ocrx_word' id='word_1_483' title='bbox 918 2944 1068 2988; x_wconf 83' lang='lat' dir='ltr'>margini</span> <span class='ocrx_word' id='word_1_484' title='bbox 1086 2943 1195 2977; x_wconf 86' lang='lat' dir='ltr'>fuisse</span> <span class='ocrx_word' id='word_1_485' title='bbox 1210 2943 1324 2977; x_wconf 80' lang='lat' dir='ltr'>adlita</span> <span class='ocrx_word' id='word_1_486' title='bbox 1337 2943 1373 2976; x_wconf 84' lang='lat' dir='ltr'>h.</span> <span class='ocrx_word' id='word_1_487' title='bbox 1393 2954 1426 2987; x_wconf 86' lang='lat' dir='ltr'>p.</span> <span class='ocrx_word' id='word_1_488' title='bbox 1442 2945 1550 2988; x_wconf 80' lang='grc' dir='ltr'>ἤγουν</span> <span class='ocrx_word' id='word_1_489' title='bbox 1568 2957 1689 2989; x_wconf 79' lang='grc' dir='ltr'>τραυμ.</span> 
     </span>
    </p>
   </div>
  </div>
 </body>
</html>
