1819 3219
664 201 856 244 LYSIAE
888 202 1044 244 VITA.
1533 206 1588 247 43

133 307 184 346 de
203 317 272 346 sua
291 306 415 344 salute
434 310 582 344 mature
599 305 800 344 consulere
820 305 1191 353 animadvertissent,
1213 308 1337 356 primo
1360 309 1492 347 urbem
1514 310 1587 348 La-

97 408 100 411 ,
130 367 382 407 cedaemoniis
398 368 549 406 tradere
569 368 787 415 voluerunt,
817 379 893 418 qua
913 380 980 418 spe
1000 367 1175 406 frustrati
1195 369 1335 418 partim
1356 369 1393 407 in
1413 371 1588 409 exsilium

128 427 295 480 profecti
320 435 422 476 sunt,
442 422 592 480 'partim
619 442 666 467 eo
696 442 775 480 quo
805 429 1052 480 exposuimus
1084 430 1202 468 modo
1229 444 1372 468 eversae
1399 432 1588 472 libertatis

131 504 266 542 poenas
285 491 440 529 dedere.
498 492 558 529 Ita
577 491 837 530 exauctoratis
852 498 941 542 post
960 491 1162 542 imperium
1183 492 1252 530 IV.
1273 492 1458 530 mensium
1481 494 1588 537 Qua-

129 551 356 604 dringentis,
386 552 612 591 Alcibiades
637 553 681 591 P.
704 554 751 591 A.
783 553 1173 591 decreto‘restitutus
1202 561 1319 604 atque
1348 554 1489 592 absens
1518 555 1588 593 im-

130 614 242 665 perio
257 613 466 665 praefectus
481 614 593 652 simul
610 627 696 652 cum
713 614 958 665 Thrasybulo
978 614 1024 652 ad
1045 615 1185 652 bellum
1202 615 1387 653 adversus
1404 615 1590 654 Lacedae-

131 676 281 714 monios
300 676 513 727 gerendum
533 690 678 715 summa
698 690 792 715 cura
808 677 1055 715 convertitur.

185 737 303 783 Quod
325 738 512 789 reliquum
532 744 616 776 erat
645 738 754 776 istius
784 739 871 776 belli
894 738 1000 776 varia
1028 738 1184 777 fortuna
1214 739 1263 776 ab
1287 739 1589 778 Atheniensibus

129 804 233 838 terra
251 800 425 851 marique
454 807 606 851 gestum
625 807 709 844 e'st;
740 800 865 838 donec
887 801 1048 853 Olymp.
1071 801 1222 846 XCIII,
1245 806 1282 838 4.
1304 807 1394 851 post
1413 800 1588 839 XXVII.

128 866 283 899 aestates
301 860 338 899 in
359 875 404 899 ea
423 864 673 900 contentione
693 861 917 912 absumptas
933 867 1058 900 totum
1080 862 1174 900 illud
1193 862 1332 900 virtute
1352 874 1420 899 sua
1442 868 1480 899 et
1495 875 1588 900 con-

129 922 215 960 silio
244 922 390 961 delevit
419 924 663 975 I,ysander.※
721 924 937 973 Pugnatum
969 930 1053 962 erat
1080 923 1129 961 ad
1160 924 1276 974 AEgos
1306 923 1449 961 flumen
1481 930 1588 962 tanta

128 988 258 1035 strage
291 991 410 1036 atque
447 985 710 1023 internecione
743 984 1055 1030 Atheniensium,
1093 991 1135 1023 ut
1167 999 1257 1022 cum
1292 985 1416 1023 classe
1451 998 1589 1024 nomen

127 1046 243 1086 etiam
263 1047 413 1097 imperii
435 1060 534 1097 pene
556 1047 724 1085 excisum
748 1060 832 1084 esse
852 1046 1093 1087 videretur-{⁶
1152 1046 1307 1090 Quibus
1335 1047 1452 1085 rebus
1473 1049 1592 1099 gestis

127 1109 328 1159 Lysander
340 1108 564 1147 tributarias
583 1108 754 1158 undique
771 1108 1064 1146 Atheniensium
1081 1107 1258 1146 civitates
1273 1109 1509 1147 voluntarias
1532 1122 1591 1147 re-

126 1170 248 1220 cepit,
280 1171 418 1221 ejectis
452 1169 512 1215 iis,
545 1183 641 1221 quos
679 1170 717 1207 in
751 1169 934 1221 praesidio
967 1169 1170 1225 reperiret,
1205 1171 1263 1208 vel
1294 1171 1591 1209 Atheniensium

125 1233 242 1271 rebus
258 1232 415 1271 studere
436 1233 712 1283 suspicaretur,
741 1232 883 1283 quibus
909 1231 1061 1270 unicam
1083 1232 1214 1270 salutis
1243 1233 1508 1271 conditionem
1530 1235 1585 1271 in-

126 1293 259 1341 dulsit,
274 1300 320 1332 ut
339 1293 488 1340 nullibi,
510 1293 582 1331 nisi
601 1293 780 1341 Athenis,
802 1294 857 1332 eis
878 1294 991 1332 salvis
1012 1308 1097 1332 esse
1119 1295 1277 1338 liceret;
1301 1301 1420 1340 ratus,
1442 1305 1589 1346 quanto

122 1355 254 1408 plures
270 1356 309 1393 in
325 1355 458 1394 urbem
479 1354 748 1402 confluxerint,
773 1363 879 1394 tanto
898 1356 1036 1406 aegrius
1056 1355 1314 1402 obsidionem,
1337 1369 1453 1407 quam
1475 1370 1587 1407 para-

123 1417 205 1464 bat,
231 1423 397 1469 propter
427 1417 676 1468 plurimorum
707 1417 887 1464 inediam,
920 1417 1097 1455 sustineri
1117 1430 1245 1467 posse.
1304 1417 1465 1456 Sciebat
1483 1420 1586 1456 enim

123 1492 252 1530 neque
272 1493 319 1518 ex
341 1478 509 1517 advecto
527 1479 724 1517 frumento
753 1480 918 1518 multum
945 1492 1160 1529 superesse,
1183 1493 1330 1530 eosque
1351 1480 1445 1518 mari
1468 1480 1586 1518 inter-

123 1541 255 1580 clusos
274 1554 415 1579 novum
435 1541 625 1579 advehere
649 1555 725 1579 non
750 1554 863 1592 posse
894 1542 1113 1592 reputabat.
1172 1541 1217 1579 In
1244 1542 1422 1579 omnibus
1455 1542 1586 1592 itaque

125 1603 288 1641 urbibus
303 1605 543 1654 constitutass
563 1603 812 1641 decemvirali
828 1609 1035 1653 potestate,
1056 1604 1137 1652 ipse
1158 1617 1245 1641 cum
1266 1603 1426 1640 navibus
1443 1603 1588 1641 ducen-

125 1663 175 1702 tis
195 1664 330 1701 urbem
350 1664 518 1710 obsidet,
538 1670 653 1714 atque
677 1671 718 1701 ut
743 1663 843 1701 idem
870 1663 1116 1700 terrestribus
1148 1663 1270 1713 copiis
1291 1664 1341 1701 ab
1361 1665 1585 1702 Academiae

124 1731 235 1776 parte
250 1724 396 1763 faceret
410 1724 620 1762 Pausanias
639 1724 1018 1762 Lacedaemoniorum
1041 1725 1135 1771 Rex,
1157 1725 1274 1762 literis
1290 1725 1422 1774 jubet.
1461 1726 1585 1763 Athe-

124 1786 276 1825 nienses
298 1787 430 1837 itaque
450 1793 552 1825 terra
577 1786 752 1836 marique
779 1786 925 1824 obsessi
945 1793 982 1824 et
1004 1786 1133 1823 inedia
1154 1787 1279 1824 vexati
1303 1788 1427 1837 primo
1447 1800 1583 1837 pacem

123 1861 194 1899 per
214 1849 360 1899 legatos
389 1849 597 1899 petivere.§
655 1848 783 1892 Quam
803 1861 891 1885 cum
912 1846 997 1884 fieri
1018 1847 1305 1885 Lacedaemonii
1325 1854 1524 1898 negarent,
1546 1849 1585 1886 ni

168 1961 189 1980 *²
205 1961 361 1991 Plutarch.
374 1960 404 1990 in
425 1960 575 1999 Lysandr.
590 1959 684 1990 Diod.
697 1959 759 1989 Sic.
773 1958 842 1990 Xe·
877 1957 1012 2000 κατέχειν
1025 1960 1082 1993 τοὶς
1102 1959 1208 1994 πόλεις.
1232 1959 1303 1988 ὥστ’
1319 1957 1429 1989 ἐοίκατε
1449 1959 1589 1999 τυξαννέσι

124 2004 220 2043 noph.
247 2004 402 2034 Hellenic.
424 2005 443 2034 l.
461 2006 492 2035 2.
515 2004 621 2043 Nepos
639 2003 671 2034 in
688 2003 840 2042 Lysandr.
874 2001 1183 2041 μᾶλλονῆπολιτείαις
1196 2002 1328 2041 ἡδόμενοι.
1347 2003 1495 2042 Xenoph.
1511 2004 1585 2032 Hel-

123 2046 271 2078 Justin.l.
284 2049 314 2077 5.
874 2045 964 2075 lenio.
981 2046 1003 2075 l.
1024 2048 1054 2076 6.
1079 2046 1237 2076 Plutarch.
1254 2046 1284 2075 in
1308 2046 1460 2085 Lysandr.
1493 2046 1583 2076 Suid.

168 2092 183 2123 †
197 2091 247 2120 Ab
263 2100 300 2119 eo
316 2089 442 2119 interitu
454 2088 572 2120 Classis
584 2088 615 2118 in
632 2088 837 2129 Hellesponto
873 2087 904 2118 iu
920 2088 1089 2129 Δεκαςχίαι.

124 2133 271 2162 Oratores
281 2133 443 2163 exordium
455 2137 578 2162 sumunt
589 2132 713 2161 dicendi
722 2132 761 2161 de
775 2133 836 2162 Re-

125 2176 249 2214 publica
264 2176 407 2205 translata
430 2176 467 2205 ad
495 2175 698 2205 XXXviros.
743 2174 834 2205 Ἐπει-

122 2219 155 2250 δὴ
176 2221 231 2258 γᾶς
251 2220 307 2252 τοὶς
324 2219 389 2252 ναῦς
412 2220 468 2253 τὰς
488 2218 549 2258 mg?
570 2217 616 2247 τὸν
628 2217 836 2249 Ἑλλήσποντον

121 2262 335 2300 ἀπωλέσαμεν,
360 2260 408 2291 καὶ
435 2262 501 2295 ταῖς
524 2259 661 2302 ἀτυχίαις
683 2259 797 2295 ἐκείναις
820 2263 834 2292 ἧ

122 2304 216 2338 πόλις
229 2303 389 2345 περιέπεσε,
403 2305 447 2340 τίς
461 2305 509 2334 οὐκ
523 2303 578 2334 οἵδε
591 2315 619 2333 κ.
635 2316 666 2333 τ.
683 2310 711 2334 λ.
736 2305 833 2336 lsoer.

123 2347 279 2387 Areopag.
293 2349 343 2378 Ita
358 2349 431 2386 Lys.
442 2358 471 2387 p.
486 2349 559 2378 207.
569 2350 643 2382 233,
655 2352 686 2376 et
697 2349 770 2378 475.
785 2349 834 2378 ed.

123 2391 212 2430 Tayl.
229 2391 337 2421 eodem
350 2391 436 2421 aditu
452 2390 598 2420 orationis
613 2390 709 2420 utitur
725 2391 760 2420 ad
775 2401 834 2430 pu-

122 2433 219 2464 blicas
231 2434 418 2464 calamitates
436 2434 628 2464 enarrandas.

165 2480 181 2514 ss
195 2480 216 2495 “
229 2478 369 2516 Namque
380 2477 526 2516 nudique,
542 2476 592 2516 qui
601 2475 831 2506 Atheniensium

121 2520 216 2549 rebus
234 2520 436 2556 studuissent,
450 2520 572 2559 ejectis,
588 2520 695 2549 decem
709 2519 834 2559 delege-

120 2567 169 2593 rat
179 2562 372 2603 [Lysander]
386 2564 416 2593 in
431 2573 608 2602 unaquaque
619 2562 754 2600 civitate,
765 2563 834 2602 qui-

121 2605 180 2635 bus
210 2616 361 2636 summum
391 2605 554 2646 imperium
588 2611 833 2646 potestatemque

119 2648 254 2679 omnium
274 2659 375 2679 rerum
396 2648 634 2679 committeret.”
672 2650 779 2688 Nepos
801 2649 831 2679 in

123 2691 274 2731 Lysandr.
319 2693 412 2722 Hunc
446 2692 698 2723 Decemviratum
735 2693 833 2722 Lace-

121 2734 281 2765 daemoniis
289 2735 464 2765 familiarem
476 2736 635 2765 constituit
644 2735 725 2765 idem
739 2735 834 2771 Sami,

119 2777 251 2816 Ephesi,
276 2778 308 2807 in
327 2778 448 2808 Piraeeo
468 2779 600 2818 denique
624 2779 733 2808 eodem
757 2784 834 2808 tem-

120 2829 208 2858 pore,
219 2831 281 2859 quo
294 2821 323 2850 in
337 2822 411 2851 urbe
422 2822 541 2852 XXX.
559 2819 625 2851 ’Ἔτι
638 2821 665 2851 δὲ
677 2820 710 2850 τὸ
720 2822 833 2852 πάντων

120 2860 320 2894 ἐναντιώτᾱτῦν
335 2875 488 2904 ᾶυτθνθμῐα
502 2864 684 2900 καθιστᾶτξ,
702 2863 764 2894 ἔνθα
778 2864 833 2904 μὲν

120 2903 284 2946 δεκαρχίας,
304 2905 374 2936 ἔνθα
388 2906 417 2937 δὲ
433 2905 678 2948 τριακονταρχίας.
700 2908 752 2937 Και
769 2919 833 2937 του-

121 2958 179 2977 των
205 2951 259 2978 τῶν
278 2948 427 3000 ἀρχόντων
448 2949 642 2990 ἔπιμελεισθε
671 2962 726 2991 ουχ
751 2949 834 2985 ὅπως

121 2989 248 3030 νομίμως
273 2990 412 3032 ἆςχωσιν,
435 2994 505 3022 ἀλλ’
524 2993 599 3028 ὅπως
626 2993 756 3023 δύνωνται.
784 2993 833 3025 ,Βία

915 2132 929 2172 §
945 2132 1115 2162 Historiam
1127 2142 1241 2171 sequor
1251 2131 1480 2171 Xenophontis,
1494 2142 1581 2169 qucu-

872 2174 981 2214 Lysias
1005 2186 1126 2214 semper
1148 2175 1318 2204 confirmat.
1365 2176 1465 2204 Aliter
1483 2182 1571 2203 tane

870 2218 908 2248 de
925 2219 980 2248 hac
995 2228 1027 2247 re
1049 2218 1214 2248 AEsohines
1239 2228 1273 2247 π.
1290 2215 1469 2258 παραπξεσς.
1493 2220 1581 2255 enjus

870 2261 965 2291 verba
984 2261 1063 2290 infra
1087 2262 1277 2291 adducturus
1301 2271 1379 2290 sum.
1426 2261 1477 2290 Ait
1499 2262 1579 2290 enim

868 2305 1057 2343 quorundam
1070 2305 1184 2334 civium
1204 2303 1392 2342 pervicacia,
1406 2303 1581 2342 cleophon-

868 2347 907 2377 tis
922 2348 1055 2377 maxime
1069 2347 1271 2387 (memoratur
1286 2347 1338 2376 ille
1352 2347 1448 2386 Lysia
1460 2357 1489 2385 p.
1504 2349 1579 2378 234.

868 2391 1024 2430 praeconio
1040 2391 1116 2420 satis
1138 2390 1279 2426 honesto,
1295 2391 1377 2429 quod
1400 2390 1579 2428 ingloriosis

867 2434 954 2473 pacis
968 2433 1195 2464 conditionibus
1212 2433 1303 2462 etiam
1316 2432 1428 2472 capitis
1441 2433 1580 2472 periculo

868 2476 1009 2516 restitit),
1025 2487 1089 2506 rem
1105 2488 1142 2506 eo
1159 2477 1338 2516 perductam
1355 2476 1431 2510 fore,
1450 2482 1495 2511 ut,
1510 2486 1579 2505 cum

867 2525 993 2559 possent
1008 2520 1212 2550 Athenienses
1229 2519 1288 2549 sibi
1306 2519 1383 2558 ipsis
1399 2525 1428 2548 et
1445 2518 1579 2557 gloriose

868 2563 942 2592 satis
956 2568 987 2592 et
1004 2563 1120 2593 utiliter
1133 2562 1304 2598 consulere,
1320 2562 1509 2591 hortantibus
1524 2562 1580 2591 La-

867 2606 1075 2641 cedaemouiis,
1096 2605 1200 2636 odium
1227 2610 1327 2635 tamen
1350 2609 1382 2634 et
1405 2604 1581 2634 inimicitias

868 2659 1015 2679 exercere
1032 2649 1166 2685 mallent,
1181 2648 1256 2678 licet
1275 2658 1343 2677 cum
1358 2647 1485 2677 interitu
1502 2646 1580 2676 civi-

868 2692 939 2722 tatis
955 2694 1142 2730 conjunctas.
1185 2694 1239 2722 Tim
1263 2690 1431 2721 τελευταίαν
1446 2689 1580 2723 ἀβουλίαν

866 2735 1074 2775 φυλάξασθαι,
1085 2733 1124 2764 ὅθ’
1134 2733 1285 2772 ἡττημένοι
1300 2734 1344 2773 τῷ
1358 2732 1490 2771 πολέμω,
1506 2743 1581 2772 wgo-

866 2777 1044 2818 καλουμένων
1062 2778 1164 2811 αὐτοὺς
1185 2774 1407 2815 Λακεδαιμονίων
1431 2775 1452 2804 εἶ
1444 2786 1523 2815 ρηνην
1545 2774 1580 2803 οἶ-

867 2832 935 2859 γειν,
962 2820 1082 2863 ἔχοντας
1106 2819 1171 2861 πρὸς
1194 2833 1229 2861 τῃ
1254 2819 1378 2859 Ἀττικῇ
1402 2819 1508 2856 Λῆμνον
1530 2817 1580 2847 και

862 2863 978 2905 Ἴμβρον
992 2865 1040 2894 καὶ
1056 2863 1163 2904 Σκύρον,
1176 2874 1222 2892 και
1239 2860 1455 2901 δημοκρατουμὲ
1457 2871 1513 2894 νους
1528 2872 1580 2890 κα-

868 2919 908 2936 ‘Ta
924 2919 989 2940 του,
1002 2918 1112 2947 νῦμῦυξ,
1125 2918 1231 2936 ‘routh
1244 2918 1283 2944 με
1277 2916 1298 2933 ν
1313 2903 1384 2933 Οιδξν
1403 2902 1494 2934 ήόέλθν
1517 2914 1579 2933 ποῦ-

869 2952 916 2984 εῖν,
943 2951 1070 2989 πολεμεῖ
1068 2962 1079 2978 ν
1108 2948 1136 2978 δὲ
1167 2959 1226 2989 πςο
1210 2961 1247 2987 ,ςη
1252 2958 1337 2982 ουντο,
1366 2946 1395 2976 οὗ
1427 2947 1579 2985 δυνάμενοι.

869 2996 996 3032 Κλεοφῶν
1019 2993 1074 3024 δὲ’
1064 3005 1075 3021 0
1098 2992 1236 3030 λυροποιὸς
1257 2989 1412 3031 (τυροποιός
1433 2991 1523 3025 male,
1548 2996 1580 3020 ut
