<?xml version="1.0" encoding="UTF-8"?>
<!DOCTYPE html PUBLIC "-//W3C//DTD XHTML 1.0 Transitional//EN"
    "http://www.w3.org/TR/xhtml1/DTD/xhtml1-transitional.dtd">
<html xmlns="http://www.w3.org/1999/xhtml" xml:lang="en" lang="en">
 <head>
  <title>
</title>
<meta http-equiv="Content-Type" content="text/html;charset=utf-8" />
  <meta name='ocr-system' content='tesseract 3.04.00' />
  <meta name='ocr-capabilities' content='ocr_page ocr_carea ocr_par ocr_line ocrx_word'/>
</head>
<body>
  <div class='ocr_page' id='page_1' title='image "./oratoresatticie02dobs/oratoresatticie02dobs_0015.png"; bbox 0 0 1819 3219; ppageno 0'>
   <div class='ocr_carea' id='block_1_1' title="bbox 622 188 1530 232">
    <p class='ocr_par' dir='ltr' id='par_1_1' title="bbox 622 188 1530 232">
     <span class='ocr_line' id='line_1_1' title="bbox 622 188 1530 232; baseline -0.006 -3"><span class='ocrx_word' id='word_1_1' title='bbox 622 190 702 230; x_wconf 88' lang='lat' dir='ltr'><strong>AD</strong></span> <span class='ocrx_word' id='word_1_2' title='bbox 747 188 981 230; x_wconf 82' lang='lat' dir='ltr'><strong>LYSIAM.</strong></span> <span class='ocrx_word' id='word_1_3' title='bbox 1506 208 1530 232; x_wconf 81' lang='lat' dir='ltr'>v</span> 
     </span>
    </p>
   </div>
   <div class='ocr_carea' id='block_1_2' title="bbox 107 304 812 1065">
    <p class='ocr_par' dir='ltr' id='par_1_2' title="bbox 146 304 577 341">
     <span class='ocr_line' id='line_1_2' title="bbox 146 304 577 341; baseline -0.005 -7"><span class='ocrx_word' id='word_1_4' title='bbox 146 305 218 338; x_wconf 85' lang='lat'><strong>195,</strong></span> <span class='ocrx_word' id='word_1_5' title='bbox 234 305 286 334; x_wconf 80' lang='lat'><strong>33.</strong></span> <span class='ocrx_word' id='word_1_6' title='bbox 308 304 445 341; x_wconf 74' lang='lat' dir='ltr'><strong>Tlnucyd.</strong></span> <span class='ocrx_word' id='word_1_7' title='bbox 457 304 509 332; x_wconf 86' lang='lat'><strong>71.</strong></span> <span class='ocrx_word' id='word_1_8' title='bbox 525 305 577 334; x_wconf 81' lang='lat'><strong>35.</strong></span> 
     </span>
    </p>

    <p class='ocr_par' dir='ltr' id='par_1_3' title="bbox 142 345 740 386">
     <span class='ocr_line' id='line_1_3' title="bbox 142 345 740 386; baseline 0.003 -11"><span class='ocrx_word' id='word_1_9' title='bbox 142 349 219 380; x_wconf 79' lang='grc'><strong>195,</strong></span> <span class='ocrx_word' id='word_1_10' title='bbox 236 349 286 377; x_wconf 80' lang='grc'><strong>35.</strong></span> <span class='ocrx_word' id='word_1_11' title='bbox 311 346 325 376; x_wconf 79' lang='grc' dir='ltr'>ἢ</span> <span class='ocrx_word' id='word_1_12' title='bbox 342 346 435 386; x_wconf 69' lang='grc' dir='ltr'><strong>ῥήτωρ.</strong></span> <span class='ocrx_word' id='word_1_13' title='bbox 460 345 556 375; x_wconf 85' lang='lat' dir='ltr'><strong>Isocr.</strong></span> <span class='ocrx_word' id='word_1_14' title='bbox 574 347 672 384; x_wconf 80' lang='lat' dir='ltr'><strong>Evag.</strong></span> <span class='ocrx_word' id='word_1_15' title='bbox 688 348 740 377; x_wconf 82' lang='lat'><strong>45.</strong></span> 
     </span>
    </p>

    <p class='ocr_par' dir='ltr' id='par_1_4' title="bbox 147 389 668 426">
     <span class='ocr_line' id='line_1_4' title="bbox 147 389 668 426; baseline -0.002 -8"><span class='ocrx_word' id='word_1_16' title='bbox 147 391 221 424; x_wconf 82' lang='lat'><strong>197,</strong></span> <span class='ocrx_word' id='word_1_17' title='bbox 235 391 264 419; x_wconf 88' lang='lat'><strong>9.</strong></span> <span class='ocrx_word' id='word_1_18' title='bbox 289 389 334 418; x_wconf 85' lang='lat' dir='ltr'><strong>An</strong></span> <span class='ocrx_word' id='word_1_19' title='bbox 347 389 668 426; x_wconf 80' lang='lat' dir='ltr'><strong>eThucyd.11.4o.?</strong></span> 
     </span>
    </p>

    <p class='ocr_par' dir='ltr' id='par_1_5' title="bbox 108 430 802 504">
     <span class='ocr_line' id='line_1_5' title="bbox 147 430 802 468; baseline -0.002 -8"><span class='ocrx_word' id='word_1_20' title='bbox 147 433 221 466; x_wconf 78' lang='lat'><strong>19⁷,</strong></span> <span class='ocrx_word' id='word_1_21' title='bbox 247 433 299 462; x_wconf 88' lang='grc'><strong>29.</strong></span> <span class='ocrx_word' id='word_1_22' title='bbox 321 431 420 461; x_wconf 82' lang='lat' dir='ltr'><strong>Isocr.</strong></span> <span class='ocrx_word' id='word_1_23' title='bbox 447 431 570 460; x_wconf 85' lang='lat' dir='ltr'><strong>Plataic.</strong></span> <span class='ocrx_word' id='word_1_24' title='bbox 594 434 646 461; x_wconf 86' lang='lat'><strong>50.</strong></span> <span class='ocrx_word' id='word_1_25' title='bbox 668 430 802 468; x_wconf 78' lang='lat' dir='ltr'><strong>Thucyd.</strong></span> 
     </span>
     <span class='ocr_line' id='line_1_6' title="bbox 108 476 224 504; baseline 0.017 -2"><span class='ocrx_word' id='word_1_26' title='bbox 108 476 157 502; x_wconf 87' lang='grc'><strong>11.</strong></span> <span class='ocrx_word' id='word_1_27' title='bbox 172 476 224 504; x_wconf 80' lang='lat'><strong>44.</strong></span> 
     </span>
    </p>

    <p class='ocr_par' dir='ltr' id='par_1_6' title="bbox 148 515 772 554">
     <span class='ocr_line' id='line_1_7' title="bbox 148 515 772 554; baseline -0.005 -8"><span class='ocrx_word' id='word_1_28' title='bbox 148 518 222 551; x_wconf 80' lang='lat'><strong>197,</strong></span> <span class='ocrx_word' id='word_1_29' title='bbox 237 517 287 546; x_wconf 82' lang='lat'><strong>43.</strong></span> <span class='ocrx_word' id='word_1_30' title='bbox 312 516 390 545; x_wconf 85' lang='lat' dir='ltr'><strong>Vide</strong></span> <span class='ocrx_word' id='word_1_31' title='bbox 405 517 462 554; x_wconf 90' lang='lat' dir='ltr'><strong>Ep.</strong></span> <span class='ocrx_word' id='word_1_32' title='bbox 478 516 515 544; x_wconf 74' lang='lat' dir='ltr'><strong>ad</strong></span> <span class='ocrx_word' id='word_1_33' title='bbox 533 516 628 545; x_wconf 87' lang='lat' dir='ltr'><strong>Hebr.</strong></span> <span class='ocrx_word' id='word_1_34' title='bbox 646 515 708 544; x_wconf 89' lang='lat' dir='ltr'><strong>IX.</strong></span> <span class='ocrx_word' id='word_1_35' title='bbox 721 517 772 545; x_wconf 86' lang='grc'><strong>27.</strong></span> 
     </span>
    </p>

    <p class='ocr_par' dir='ltr' id='par_1_7' title="bbox 107 558 802 639">
     <span class='ocr_line' id='line_1_8' title="bbox 150 558 802 594; baseline -0.002 -7"><span class='ocrx_word' id='word_1_36' title='bbox 150 560 223 594; x_wconf 86' lang='grc'><strong>198,</strong></span> <span class='ocrx_word' id='word_1_37' title='bbox 237 561 268 588; x_wconf 92' lang='grc'><strong>2.</strong></span> <span class='ocrx_word' id='word_1_38' title='bbox 290 559 337 588; x_wconf 78' lang='lat' dir='ltr'><strong>Ex</strong></span> <span class='ocrx_word' id='word_1_39' title='bbox 368 558 457 589; x_wconf 81' lang='lat' dir='ltr'><strong>Iliad.</strong></span> <span class='ocrx_word' id='word_1_40' title='bbox 487 564 525 587; x_wconf 88' lang='lat' dir='ltr'><strong>M.</strong></span> <span class='ocrx_word' id='word_1_41' title='bbox 552 560 626 588; x_wconf 81' lang='grc'><strong>322.</strong></span> <span class='ocrx_word' id='word_1_42' title='bbox 667 558 743 587; x_wconf 84' lang='lat' dir='ltr'><strong>Vide</strong></span> <span class='ocrx_word' id='word_1_43' title='bbox 767 558 802 586; x_wconf 86' lang='lat' dir='ltr'><strong>ad</strong></span> 
     </span>
     <span class='ocr_line' id='line_1_9' title="bbox 107 599 590 639; baseline 0 -10"><span class='ocrx_word' id='word_1_44' title='bbox 107 599 245 630; x_wconf 85' lang='lat' dir='ltr'><strong>Ciceron.</strong></span> <span class='ocrx_word' id='word_1_45' title='bbox 261 611 314 639; x_wconf 84' lang='lat' dir='ltr'><strong>pro</strong></span> <span class='ocrx_word' id='word_1_46' title='bbox 330 602 414 630; x_wconf 78' lang='lat' dir='ltr'><strong>Sext.</strong></span> <span class='ocrx_word' id='word_1_47' title='bbox 431 611 459 629; x_wconf 86' lang='lat' dir='ltr'><strong>c.</strong></span> <span class='ocrx_word' id='word_1_48' title='bbox 475 604 526 633; x_wconf 84' lang='grc'><strong>20,</strong></span> <span class='ocrx_word' id='word_1_49' title='bbox 539 603 590 630; x_wconf 97' lang='grc'><strong>21.</strong></span> 
     </span>
    </p>

    <p class='ocr_par' dir='ltr' id='par_1_8' title="bbox 151 641 779 681">
     <span class='ocr_line' id='line_1_10' title="bbox 151 641 779 681; baseline -0.002 -9"><span class='ocrx_word' id='word_1_50' title='bbox 151 645 288 677; x_wconf 84' lang='lat'><strong>198,11.</strong></span> <span class='ocrx_word' id='word_1_51' title='bbox 305 643 394 673; x_wconf 85' lang='lat' dir='ltr'><strong>Plato</strong></span> <span class='ocrx_word' id='word_1_52' title='bbox 409 643 534 672; x_wconf 86' lang='lat' dir='ltr'><strong>Menex.</strong></span> <span class='ocrx_word' id='word_1_53' title='bbox 552 653 583 681; x_wconf 91' lang='lat' dir='ltr'><strong>p.</strong></span> <span class='ocrx_word' id='word_1_54' title='bbox 601 644 671 672; x_wconf 75' lang='grc'><strong>249.</strong></span> <span class='ocrx_word' id='word_1_55' title='bbox 684 641 779 671; x_wconf 86' lang='lat' dir='ltr'><strong>H.St.</strong></span> 
     </span>
    </p>

    <p class='ocr_par' dir='ltr' id='par_1_9' title="bbox 107 685 812 1065">
     <span class='ocr_line' id='line_1_11' title="bbox 149 685 805 725; baseline -0.003 -10"><span class='ocrx_word' id='word_1_56' title='bbox 149 686 165 725; x_wconf 55' lang='grc' dir='ltr'><strong><em>ᾗ</em></strong></span> <span class='ocrx_word' id='word_1_57' title='bbox 183 688 234 715; x_wconf 90' lang='grc'><strong>12.</strong></span> <span class='ocrx_word' id='word_1_58' title='bbox 244 685 363 725; x_wconf 72' lang='grc' dir='ltr'>ἤδοῧντο,</span> <span class='ocrx_word' id='word_1_59' title='bbox 377 686 452 715; x_wconf 85' lang='lat' dir='ltr'><strong>male</strong></span> <span class='ocrx_word' id='word_1_60' title='bbox 469 686 641 714; x_wconf 76' lang='lat' dir='ltr'><strong>translatum</strong></span> <span class='ocrx_word' id='word_1_61' title='bbox 656 695 672 714; x_wconf 86' lang='lat' dir='ltr'><strong>a</strong></span> <span class='ocrx_word' id='word_1_62' title='bbox 688 690 805 714; x_wconf 77' lang='lat' dir='ltr'><strong>senten-</strong></span> 
     </span>
     <span class='ocr_line' id='line_1_12' title="bbox 107 728 804 778; baseline -0.003 -21"><span class='ocrx_word' id='word_1_63' title='bbox 107 728 149 757; x_wconf 89' lang='lat' dir='ltr'><strong>tia</strong></span> <span class='ocrx_word' id='word_1_64' title='bbox 166 728 261 766; x_wconf 87' lang='lat' dir='ltr'><strong>qualis</strong></span> <span class='ocrx_word' id='word_1_65' title='bbox 283 728 365 766; x_wconf 54' lang='lat'><strong>§25</strong></span> <span class='ocrx_word' id='word_1_66' title='bbox 386 729 505 778; x_wconf 83' lang='lat' dir='ltr'><strong>(Primo</strong></span> <span class='ocrx_word' id='word_1_67' title='bbox 532 728 652 766; x_wconf 88' lang='lat' dir='ltr'><strong>quidem</strong></span> <span class='ocrx_word' id='word_1_68' title='bbox 683 733 804 765; x_wconf 65' lang='lat' dir='ltr'><strong>putares</strong></span> 
     </span>
     <span class='ocr_line' id='line_1_13' title="bbox 108 768 805 809; baseline 0 -10"><span class='ocrx_word' id='word_1_69' title='bbox 108 780 176 800; x_wconf 87' lang='lat' dir='ltr'><strong>esse</strong></span> <span class='ocrx_word' id='word_1_70' title='bbox 196 770 328 809; x_wconf 74' lang='lat' dir='ltr'><strong>positum</strong></span> <span class='ocrx_word' id='word_1_71' title='bbox 352 781 407 809; x_wconf 74' lang='lat' dir='ltr'><strong>pio</strong></span> <span class='ocrx_word' id='word_1_72' title='bbox 431 769 540 800; x_wconf 71' lang='grc' dir='ltr'>ἦδοῖντο</span> <span class='ocrx_word' id='word_1_73' title='bbox 558 771 621 804; x_wconf 75' lang='grc' dir='ltr'>τοὺς</span> <span class='ocrx_word' id='word_1_74' title='bbox 643 768 738 804; x_wconf 78' lang='grc' dir='ltr'>ἱκέτας</span> <span class='ocrx_word' id='word_1_75' title='bbox 762 769 805 799; x_wconf 74' lang='grc' dir='ltr'><strong>διὰ</strong></span> 
     </span>
     <span class='ocr_line' id='line_1_14' title="bbox 107 812 806 853; baseline 0.001 -12"><span class='ocrx_word' id='word_1_76' title='bbox 107 814 156 844; x_wconf 77' lang='grc' dir='ltr'><strong>τὴν</strong></span> <span class='ocrx_word' id='word_1_77' title='bbox 180 823 229 842; x_wconf 84' lang='grc' dir='ltr'><strong>του</strong></span> <span class='ocrx_word' id='word_1_78' title='bbox 249 812 355 851; x_wconf 61' lang='grc' dir='ltr'>πατρὸς</span> <span class='ocrx_word' id='word_1_79' title='bbox 376 813 497 853; x_wconf 74' lang='grc' dir='ltr'><strong>ἀρετήν.)</strong></span> <span class='ocrx_word' id='word_1_80' title='bbox 538 813 553 852; x_wconf 83' lang='lat'>§</span> <span class='ocrx_word' id='word_1_81' title='bbox 579 815 630 843; x_wconf 84' lang='grc'><strong>26</strong></span> <span class='ocrx_word' id='word_1_82' title='bbox 656 816 750 842; x_wconf 80' lang='grc' dir='ltr'>καινῶν</span> <span class='ocrx_word' id='word_1_83' title='bbox 765 830 806 834; x_wconf 89' lang='lat'><strong>—</strong></span> 
     </span>
     <span class='ocr_line' id='line_1_15' title="bbox 108 853 806 896; baseline -0.003 -11"><span class='ocrx_word' id='word_1_84' title='bbox 108 853 266 894; x_wconf 74' lang='grc' dir='ltr'><strong>ζηλοῦσθαι.</strong></span> <span class='ocrx_word' id='word_1_85' title='bbox 297 858 349 885; x_wconf 83' lang='lat'><strong>40.</strong></span> <span class='ocrx_word' id='word_1_86' title='bbox 379 854 479 896; x_wconf 70' lang='grc' dir='ltr'>ψυχὰς</span> <span class='ocrx_word' id='word_1_87' title='bbox 519 854 728 892; x_wconf 71' lang='grc' dir='ltr'><strong>ἀντιτάξαντες.</strong></span> <span class='ocrx_word' id='word_1_88' title='bbox 755 857 806 884; x_wconf 88' lang='grc'><strong>60.</strong></span> 
     </span>
     <span class='ocr_line' id='line_1_16' title="bbox 108 897 804 937; baseline 0 -11"><span class='ocrx_word' id='word_1_89' title='bbox 108 898 227 936; x_wconf 84' lang='lat' dir='ltr'><strong>sepulta</strong></span> <span class='ocrx_word' id='word_1_90' title='bbox 254 898 348 936; x_wconf 73' lang='grc' dir='ltr'><strong>ἆςετίι.</strong></span> <span class='ocrx_word' id='word_1_91' title='bbox 384 900 435 928; x_wconf 90' lang='grc'><strong>66.</strong></span> <span class='ocrx_word' id='word_1_92' title='bbox 470 897 590 937; x_wconf 54' lang='grc' dir='ltr'>πατρίδα</span> <span class='ocrx_word' id='word_1_93' title='bbox 617 898 723 936; x_wconf 59' lang='lat' dir='ltr'><strong>&amp;gersa-a.</strong></span> <span class='ocrx_word' id='word_1_94' title='bbox 753 899 804 927; x_wconf 84' lang='lat'><strong>76.</strong></span> 
     </span>
     <span class='ocr_line' id='line_1_17' title="bbox 107 938 806 979; baseline 0 -11"><span class='ocrx_word' id='word_1_95' title='bbox 107 938 286 970; x_wconf 72' lang='grc' dir='ltr'>ἀπέλαυσαν.</span> <span class='ocrx_word' id='word_1_96' title='bbox 302 943 385 969; x_wconf 88' lang='lat' dir='ltr'><strong>verte</strong></span> <span class='ocrx_word' id='word_1_97' title='bbox 406 941 528 979; x_wconf 73' lang='lat' dir='ltr'><strong>prqsited</strong></span> <span class='ocrx_word' id='word_1_98' title='bbox 545 942 579 979; x_wconf 79' lang='lat' dir='ltr'><strong>by</strong></span> <span class='ocrx_word' id='word_1_99' title='bbox 595 939 670 968; x_wconf 80' lang='lat' dir='ltr'><strong>their</strong></span> <span class='ocrx_word' id='word_1_100' title='bbox 694 939 806 970; x_wconf 80' lang='lat' dir='ltr'><strong>valour.</strong></span> 
     </span>
     <span class='ocr_line' id='line_1_18' title="bbox 109 982 807 1022; baseline -0.003 -10"><span class='ocrx_word' id='word_1_101' title='bbox 109 983 232 1021; x_wconf 84' lang='lat' dir='ltr'><strong>Ineptus</strong></span> <span class='ocrx_word' id='word_1_102' title='bbox 249 983 347 1017; x_wconf 87' lang='lat' dir='ltr'><strong>locus,</strong></span> <span class='ocrx_word' id='word_1_103' title='bbox 363 982 378 1022; x_wconf 86' lang='lat'>§</span> <span class='ocrx_word' id='word_1_104' title='bbox 395 984 446 1013; x_wconf 88' lang='grc'><strong>25.</strong></span> <span class='ocrx_word' id='word_1_105' title='bbox 464 983 479 1022; x_wconf 79' lang='lat'>§</span> <span class='ocrx_word' id='word_1_106' title='bbox 499 985 550 1014; x_wconf 88' lang='lat'><strong>68.</strong></span> <span class='ocrx_word' id='word_1_107' title='bbox 567 983 706 1022; x_wconf 74' lang='grc' dir='ltr'><strong>μεγάλην.</strong></span> <span class='ocrx_word' id='word_1_108' title='bbox 729 982 807 1011; x_wconf 80' lang='lat' dir='ltr'><strong>Con-</strong></span> 
     </span>
     <span class='ocr_line' id='line_1_19' title="bbox 107 1024 812 1065; baseline -0.001 -11"><span class='ocrx_word' id='word_1_109' title='bbox 107 1024 234 1065; x_wconf 79' lang='lat' dir='ltr'><strong>fusio,§</strong></span> <span class='ocrx_word' id='word_1_110' title='bbox 260 1026 312 1056; x_wconf 91' lang='grc'><strong>27.</strong></span> <span class='ocrx_word' id='word_1_111' title='bbox 328 1027 464 1056; x_wconf 83' lang='lat'><strong>63-65.</strong></span> <span class='ocrx_word' id='word_1_112' title='bbox 497 1025 651 1064; x_wconf 76' lang='lat' dir='ltr'><strong>Imperitae</strong></span> <span class='ocrx_word' id='word_1_113' title='bbox 677 1024 812 1064; x_wconf 83' lang='lat' dir='ltr'><strong>ejusdem</strong></span> 
     </span>
    </p>
   </div>
   <div class='ocr_carea' id='block_1_3' title="bbox 837 301 1569 1022">
    <p class='ocr_par' dir='ltr' id='par_1_10' title="bbox 837 301 1569 1022">
     <span class='ocr_line' id='line_1_20' title="bbox 837 301 1537 342; baseline 0.004 -12"><span class='ocrx_word' id='word_1_114' title='bbox 837 306 887 331; x_wconf 80' lang='lat' dir='ltr'><strong>aut</strong></span> <span class='ocrx_word' id='word_1_115' title='bbox 903 301 1009 330; x_wconf 78' lang='lat' dir='ltr'><strong>similis</strong></span> <span class='ocrx_word' id='word_1_116' title='bbox 1033 302 1187 330; x_wconf 75' lang='lat' dir='ltr'><strong>sementim</strong></span> <span class='ocrx_word' id='word_1_117' title='bbox 1214 302 1419 339; x_wconf 75' lang='lat' dir='ltr'><strong>repetitiones,</strong></span> <span class='ocrx_word' id='word_1_118' title='bbox 1447 303 1462 342; x_wconf 89' lang='lat'>§</span> <span class='ocrx_word' id='word_1_119' title='bbox 1484 305 1537 333; x_wconf 83' lang='grc'><strong>21.</strong></span> 
     </span>
     <span class='ocr_line' id='line_1_21' title="bbox 837 343 1535 376; baseline 0.004 -3"><span class='ocrx_word' id='word_1_120' title='bbox 837 350 865 373; x_wconf 86' lang='lat' dir='ltr'><strong>et</strong></span> <span class='ocrx_word' id='word_1_121' title='bbox 880 346 931 374; x_wconf 85' lang='grc'><strong>27.</strong></span> <span class='ocrx_word' id='word_1_122' title='bbox 947 346 998 374; x_wconf 81' lang='grc'><strong>57.</strong></span> <span class='ocrx_word' id='word_1_123' title='bbox 1019 349 1048 373; x_wconf 84' lang='lat' dir='ltr'><strong>et</strong></span> <span class='ocrx_word' id='word_1_124' title='bbox 1063 347 1114 375; x_wconf 82' lang='lat'><strong>59.</strong></span> <span class='ocrx_word' id='word_1_125' title='bbox 1132 349 1161 373; x_wconf 83' lang='lat' dir='ltr'><strong>et</strong></span> <span class='ocrx_word' id='word_1_126' title='bbox 1176 343 1269 372; x_wconf 80' lang='lat' dir='ltr'><strong>multa</strong></span> <span class='ocrx_word' id='word_1_127' title='bbox 1286 344 1351 373; x_wconf 80' lang='lat' dir='ltr'><strong>loca</strong></span> <span class='ocrx_word' id='word_1_128' title='bbox 1367 346 1395 374; x_wconf 82' lang='lat' dir='ltr'><strong>in</strong></span> <span class='ocrx_word' id='word_1_129' title='bbox 1412 347 1535 376; x_wconf 79' lang='lat' dir='ltr'><strong>Bekke-</strong></span> 
     </span>
     <span class='ocr_line' id='line_1_22' title="bbox 837 386 1537 424; baseline -0.001 -9"><span class='ocrx_word' id='word_1_130' title='bbox 837 387 925 416; x_wconf 83' lang='lat' dir='ltr'><strong>rianae</strong></span> <span class='ocrx_word' id='word_1_131' title='bbox 952 387 1023 415; x_wconf 85' lang='lat' dir='ltr'><strong>edit.</strong></span> <span class='ocrx_word' id='word_1_132' title='bbox 1051 386 1195 424; x_wconf 79' lang='lat' dir='ltr'><strong>margine.</strong></span> <span class='ocrx_word' id='word_1_133' title='bbox 1211 387 1373 422; x_wconf 45' lang='lat' dir='ltr'><strong>Ambage&amp;</strong></span> <span class='ocrx_word' id='word_1_134' title='bbox 1405 391 1457 418; x_wconf 72' lang='lat'><strong>525.</strong></span> <span class='ocrx_word' id='word_1_135' title='bbox 1485 391 1537 418; x_wconf 62' lang='lat'><strong>522,</strong></span> 
     </span>
     <span class='ocr_line' id='line_1_23' title="bbox 838 428 1536 468; baseline 0.003 -10"><span class='ocrx_word' id='word_1_136' title='bbox 838 431 927 458; x_wconf 80' lang='lat' dir='ltr'><strong>Nexu</strong></span> <span class='ocrx_word' id='word_1_137' title='bbox 946 434 1044 463; x_wconf 76' lang='lat' dir='ltr'><strong>cavet,</strong></span> <span class='ocrx_word' id='word_1_138' title='bbox 1061 429 1075 468; x_wconf 54' lang='grc' dir='ltr'><em>ᾗ</em></span> <span class='ocrx_word' id='word_1_139' title='bbox 1092 431 1121 458; x_wconf 78' lang='grc'><strong>2.</strong></span> <span class='ocrx_word' id='word_1_140' title='bbox 1139 428 1198 458; x_wconf 67' lang='grc' dir='ltr'>οὔτε</span> <span class='ocrx_word' id='word_1_141' title='bbox 1222 430 1274 466; x_wconf 51' lang='lat' dir='ltr'><strong>yae</strong></span> <span class='ocrx_word' id='word_1_142' title='bbox 1291 430 1349 466; x_wconf 70' lang='grc' dir='ltr'><strong>γῆς.</strong></span> <span class='ocrx_word' id='word_1_143' title='bbox 1366 429 1536 460; x_wconf 68' lang='lat' dir='ltr'>Antithesis</span> 
     </span>
     <span class='ocr_line' id='line_1_24' title="bbox 837 470 1537 512; baseline 0.001 -13"><span class='ocrx_word' id='word_1_144' title='bbox 837 472 1024 504; x_wconf 73' lang='lat' dir='ltr'><strong>inconcinna,</strong></span> <span class='ocrx_word' id='word_1_145' title='bbox 1043 472 1067 510; x_wconf 79' lang='lat'><em>§</em></span> <span class='ocrx_word' id='word_1_146' title='bbox 1094 474 1143 500; x_wconf 81' lang='lat'><strong>16.</strong></span> <span class='ocrx_word' id='word_1_147' title='bbox 1166 473 1217 501; x_wconf 75' lang='lat'><strong>313.</strong></span> <span class='ocrx_word' id='word_1_148' title='bbox 1237 473 1286 503; x_wconf 65' lang='grc' dir='ltr'><strong>τῆς</strong></span> <span class='ocrx_word' id='word_1_149' title='bbox 1307 470 1455 512; x_wconf 62' lang='grc' dir='ltr'>ἰι-πατρίδος,</span> <span class='ocrx_word' id='word_1_150' title='bbox 1483 483 1537 510; x_wconf 82' lang='lat' dir='ltr'><strong>pro</strong></span> 
     </span>
     <span class='ocr_line' id='line_1_25' title="bbox 838 512 1537 555; baseline 0.001 -12"><span class='ocrx_word' id='word_1_151' title='bbox 838 513 863 543; x_wconf 79' lang='grc' dir='ltr'><strong>ἒν</strong></span> <span class='ocrx_word' id='word_1_152' title='bbox 877 514 913 555; x_wconf 69' lang='grc' dir='ltr'><strong>τῇ</strong></span> <span class='ocrx_word' id='word_1_153' title='bbox 929 512 1049 553; x_wconf 79' lang='grc' dir='ltr'>πατρίδι,</span> <span class='ocrx_word' id='word_1_154' title='bbox 1078 514 1173 542; x_wconf 82' lang='lat' dir='ltr'><strong>Verba</strong></span> <span class='ocrx_word' id='word_1_155' title='bbox 1194 514 1293 542; x_wconf 75' lang='lat' dir='ltr'><strong>statim</strong></span> <span class='ocrx_word' id='word_1_156' title='bbox 1311 515 1422 551; x_wconf 82' lang='lat' dir='ltr'><strong>repetit</strong></span> <span class='ocrx_word' id='word_1_157' title='bbox 1443 516 1537 553; x_wconf 85' lang='lat' dir='ltr'><strong>irnpe-</strong></span> 
     </span>
     <span class='ocr_line' id='line_1_26' title="bbox 837 556 1538 595; baseline 0.001 -10"><span class='ocrx_word' id='word_1_158' title='bbox 837 557 907 592; x_wconf 83' lang='lat' dir='ltr'><strong>rite,</strong></span> <span class='ocrx_word' id='word_1_159' title='bbox 927 558 956 585; x_wconf 84' lang='lat'><strong>3.</strong></span> <span class='ocrx_word' id='word_1_160' title='bbox 974 556 1085 594; x_wconf 75' lang='grc' dir='ltr'>μνήμην</span> <span class='ocrx_word' id='word_1_161' title='bbox 1099 573 1141 577; x_wconf 83' lang='grc'>-</span> <span class='ocrx_word' id='word_1_162' title='bbox 1155 556 1292 595; x_wconf 68' lang='grc' dir='ltr'>μνήμαις.</span> <span class='ocrx_word' id='word_1_163' title='bbox 1317 559 1410 587; x_wconf 76' lang='grc'><strong>2-3,</strong></span> <span class='ocrx_word' id='word_1_164' title='bbox 1437 557 1538 595; x_wconf 76' lang='grc' dir='ltr'>ὑμνεῖν,</span> 
     </span>
     <span class='ocr_line' id='line_1_27' title="bbox 840 596 1539 637; baseline 0 -9"><span class='ocrx_word' id='word_1_165' title='bbox 840 602 974 629; x_wconf 77' lang='lat'><strong>13—14.</strong></span> <span class='ocrx_word' id='word_1_166' title='bbox 998 598 1164 637; x_wconf 82' lang='grc' dir='ltr'>ἀδικούμενοι</span> <span class='ocrx_word' id='word_1_167' title='bbox 1185 603 1241 628; x_wconf 84' lang='lat' dir='ltr'><strong>ter.</strong></span> <span class='ocrx_word' id='word_1_168' title='bbox 1271 600 1321 627; x_wconf 83' lang='lat'><strong>18.</strong></span> <span class='ocrx_word' id='word_1_169' title='bbox 1351 596 1485 637; x_wconf 68' lang='grc' dir='ltr'>ἐλευθεξία</span> <span class='ocrx_word' id='word_1_170' title='bbox 1508 604 1539 628; x_wconf 85' lang='lat' dir='ltr'><strong>et</strong></span> 
     </span>
     <span class='ocr_line' id='line_1_28' title="bbox 837 639 1538 682; baseline 0.003 -13"><span class='ocrx_word' id='word_1_171' title='bbox 837 641 926 681; x_wconf 82' lang='grc' dir='ltr'><strong>νόμος.</strong></span> <span class='ocrx_word' id='word_1_172' title='bbox 939 644 1074 672; x_wconf 80' lang='grc'><strong>27-28,</strong></span> <span class='ocrx_word' id='word_1_173' title='bbox 1091 640 1199 681; x_wconf 77' lang='grc' dir='ltr'>χιλίαις</span> <span class='ocrx_word' id='word_1_174' title='bbox 1222 639 1308 669; x_wconf 82' lang='grc' dir='ltr'>ναυσί.</span> <span class='ocrx_word' id='word_1_175' title='bbox 1326 642 1462 671; x_wconf 77' lang='lat'><strong>75—76.</strong></span> <span class='ocrx_word' id='word_1_176' title='bbox 1479 642 1538 682; x_wconf 74' lang='grc' dir='ltr'>περὶ</span> 
     </span>
     <span class='ocr_line' id='line_1_29' title="bbox 839 683 1538 723; baseline -0.001 -9"><span class='ocrx_word' id='word_1_177' title='bbox 839 685 956 714; x_wconf 79' lang='grc' dir='ltr'><strong>πολλοῦ.</strong></span> <span class='ocrx_word' id='word_1_178' title='bbox 972 684 1099 723; x_wconf 77' lang='grc' dir='ltr'>ἀπαντᾷν</span> <span class='ocrx_word' id='word_1_179' title='bbox 1119 686 1256 714; x_wconf 79' lang='grc'><strong>52-53,</strong></span> <span class='ocrx_word' id='word_1_180' title='bbox 1273 683 1342 723; x_wconf 77' lang='lat' dir='ltr'><strong>(sed</strong></span> <span class='ocrx_word' id='word_1_181' title='bbox 1368 684 1466 712; x_wconf 82' lang='lat' dir='ltr'>forsan</span> <span class='ocrx_word' id='word_1_182' title='bbox 1483 685 1538 713; x_wconf 81' lang='lat' dir='ltr'><strong>hoo</strong></span> 
     </span>
     <span class='ocr_line' id='line_1_30' title="bbox 839 726 1540 766; baseline 0.001 -11"><span class='ocrx_word' id='word_1_183' title='bbox 839 726 1013 766; x_wconf 81' lang='lat' dir='ltr'><strong>corrupte).</strong></span> <span class='ocrx_word' id='word_1_184' title='bbox 1034 728 1124 755; x_wconf 82' lang='lat' dir='ltr'><strong>Durae</strong></span> <span class='ocrx_word' id='word_1_185' title='bbox 1141 726 1322 759; x_wconf 86' lang='lat' dir='ltr'><strong>locutiones,</strong></span> <span class='ocrx_word' id='word_1_186' title='bbox 1343 726 1474 765; x_wconf 64' lang='grc' dir='ltr'>πατρίδα</span> <span class='ocrx_word' id='word_1_187' title='bbox 1492 728 1540 756; x_wconf 74' lang='grc' dir='ltr'><strong>τὴν</strong></span> 
     </span>
     <span class='ocr_line' id='line_1_31' title="bbox 839 768 1540 809; baseline 0 -11"><span class='ocrx_word' id='word_1_188' title='bbox 839 771 945 809; x_wconf 71' lang='grc' dir='ltr'>ἀρετὴν,</span> <span class='ocrx_word' id='word_1_189' title='bbox 968 769 982 808; x_wconf 80' lang='lat'>§</span> <span class='ocrx_word' id='word_1_190' title='bbox 1005 771 1056 800; x_wconf 83' lang='lat'><strong>66.</strong></span> <span class='ocrx_word' id='word_1_191' title='bbox 1079 768 1237 803; x_wconf 85' lang='lat' dir='ltr'>Confusio,</span> <span class='ocrx_word' id='word_1_192' title='bbox 1270 768 1285 807; x_wconf 54' lang='grc' dir='ltr'><strong><em>ᾧ</em></strong></span> <span class='ocrx_word' id='word_1_193' title='bbox 1313 771 1342 799; x_wconf 92' lang='grc'><strong>9.</strong></span> <span class='ocrx_word' id='word_1_194' title='bbox 1365 774 1478 806; x_wconf 82' lang='lat' dir='ltr'><strong>partem</strong></span> <span class='ocrx_word' id='word_1_195' title='bbox 1502 770 1540 798; x_wconf 84' lang='lat' dir='ltr'><strong>ad</strong></span> 
     </span>
     <span class='ocr_line' id='line_1_32' title="bbox 839 811 1540 850; baseline 0 -9"><span class='ocrx_word' id='word_1_196' title='bbox 839 812 916 849; x_wconf 78' lang='lat' dir='ltr'><strong>Arg.</strong></span> <span class='ocrx_word' id='word_1_197' title='bbox 930 816 1072 846; x_wconf 83' lang='lat' dir='ltr'><strong>mortuos,</strong></span> <span class='ocrx_word' id='word_1_198' title='bbox 1088 811 1194 850; x_wconf 88' lang='lat' dir='ltr'><strong>partim</strong></span> <span class='ocrx_word' id='word_1_199' title='bbox 1220 811 1256 840; x_wconf 87' lang='lat' dir='ltr'><strong>ad</strong></span> <span class='ocrx_word' id='word_1_200' title='bbox 1284 811 1474 848; x_wconf 68' lang='lat' dir='ltr'><strong>superstites.</strong></span> <span class='ocrx_word' id='word_1_201' title='bbox 1489 813 1540 841; x_wconf 88' lang='grc'><strong>27.</strong></span> 
     </span>
     <span class='ocr_line' id='line_1_33' title="bbox 839 853 1569 893; baseline 0.001 -10"><span class='ocrx_word' id='word_1_202' title='bbox 839 854 948 893; x_wconf 85' lang='lat' dir='ltr'><strong>partim</strong></span> <span class='ocrx_word' id='word_1_203' title='bbox 964 855 1001 883; x_wconf 84' lang='lat' dir='ltr'><strong>de</strong></span> <span class='ocrx_word' id='word_1_204' title='bbox 1019 854 1124 889; x_wconf 86' lang='lat' dir='ltr'><strong>Dario,</strong></span> <span class='ocrx_word' id='word_1_205' title='bbox 1139 854 1248 892; x_wconf 85' lang='lat' dir='ltr'><strong>partim</strong></span> <span class='ocrx_word' id='word_1_206' title='bbox 1271 854 1308 882; x_wconf 88' lang='lat' dir='ltr'><strong>de</strong></span> <span class='ocrx_word' id='word_1_207' title='bbox 1325 853 1443 882; x_wconf 82' lang='lat' dir='ltr'><strong>Xerxe.</strong></span> <span class='ocrx_word' id='word_1_208' title='bbox 1468 854 1541 883; x_wconf 87' lang='lat' dir='ltr'><strong>Loci</strong></span> <span class='ocrx_word' id='word_1_209' title='bbox 1567 882 1569 885; x_wconf 82' lang='lat'><strong>.</strong></span> 
     </span>
     <span class='ocr_line' id='line_1_34' title="bbox 840 896 1540 927; baseline 0.003 -2"><span class='ocrx_word' id='word_1_210' title='bbox 840 896 949 925; x_wconf 84' lang='lat' dir='ltr'><strong>ceteris</strong></span> <span class='ocrx_word' id='word_1_211' title='bbox 964 896 1105 926; x_wconf 85' lang='lat' dir='ltr'><strong>meliores</strong></span> <span class='ocrx_word' id='word_1_212' title='bbox 1122 898 1257 926; x_wconf 74' lang='lat'><strong>17—19.</strong></span> <span class='ocrx_word' id='word_1_213' title='bbox 1272 897 1324 926; x_wconf 79' lang='lat'><strong>47.</strong></span> <span class='ocrx_word' id='word_1_214' title='bbox 1341 897 1476 926; x_wconf 81' lang='lat'><strong>54—-57,</strong></span> <span class='ocrx_word' id='word_1_215' title='bbox 1487 898 1540 927; x_wconf 78' lang='lat'><strong>75.</strong></span> 
     </span>
     <span class='ocr_line' id='line_1_35' title="bbox 839 939 1540 978; baseline 0.004 -12"><span class='ocrx_word' id='word_1_216' title='bbox 839 941 976 969; x_wconf 84' lang='lat'><strong>77—81.</strong></span> <span class='ocrx_word' id='word_1_217' title='bbox 1007 939 1063 967; x_wconf 84' lang='lat' dir='ltr'><strong>etsi</strong></span> <span class='ocrx_word' id='word_1_218' title='bbox 1086 939 1253 968; x_wconf 85' lang='lat' dir='ltr'><strong>redundant</strong></span> <span class='ocrx_word' id='word_1_219' title='bbox 1280 939 1427 976; x_wconf 80' lang='lat' dir='ltr'><strong>quaedam.</strong></span> <span class='ocrx_word' id='word_1_220' title='bbox 1453 939 1540 978; x_wconf 77' lang='lat'><strong>§¹78.</strong></span> 
     </span>
     <span class='ocr_line' id='line_1_36' title="bbox 840 979 1457 1022; baseline -0.002 -11"><span class='ocrx_word' id='word_1_221' title='bbox 840 981 1008 1011; x_wconf 87' lang='lat' dir='ltr'><strong>Homerum</strong></span> <span class='ocrx_word' id='word_1_222' title='bbox 1025 981 1248 1020; x_wconf 72' lang='lat' dir='ltr'><strong>elegantissime</strong></span> <span class='ocrx_word' id='word_1_223' title='bbox 1263 979 1457 1022; x_wconf 65' lang='grc' dir='ltr'>παραφςίιζει.</span> 
     </span>
    </p>
   </div>
   <div class='ocr_carea' id='block_1_4' title="bbox 649 1116 1002 1155">
    <p class='ocr_par' dir='ltr' id='par_1_11' title="bbox 649 1116 1002 1155">
     <span class='ocr_line' id='line_1_37' title="bbox 649 1116 1002 1155; baseline 0.003 -2"><span class='ocrx_word' id='word_1_224' title='bbox 649 1117 721 1155; x_wconf 95' lang='grc' dir='ltr'><strong>ΙΙΙ.</strong></span> <span class='ocrx_word' id='word_1_225' title='bbox 750 1130 784 1154; x_wconf 87' lang='lat' dir='ltr'><strong>c.</strong></span> <span class='ocrx_word' id='word_1_226' title='bbox 802 1116 1002 1155; x_wconf 86' lang='lat' dir='ltr'><strong>Simonem.</strong></span> 
     </span>
    </p>
   </div>
   <div class='ocr_carea' id='block_1_5' title="bbox 112 1210 815 1802">
    <p class='ocr_par' dir='ltr' id='par_1_12' title="bbox 112 1210 809 1326">
     <span class='ocr_line' id='line_1_38' title="bbox 155 1210 809 1252; baseline 0.002 -12"><span class='ocrx_word' id='word_1_227' title='bbox 155 1210 203 1240; x_wconf 85' lang='lat' dir='ltr'><strong>Ad</strong></span> <span class='ocrx_word' id='word_1_228' title='bbox 217 1211 418 1250; x_wconf 85' lang='lat' dir='ltr'><strong>Areopagum,</strong></span> <span class='ocrx_word' id='word_1_229' title='bbox 442 1223 470 1252; x_wconf 90' lang='lat' dir='ltr'><strong>p.</strong></span> <span class='ocrx_word' id='word_1_230' title='bbox 487 1213 709 1248; x_wconf 72' lang='lat'><strong>100,18——27.</strong></span> <span class='ocrx_word' id='word_1_231' title='bbox 733 1212 809 1241; x_wconf 85' lang='lat' dir='ltr'><strong>Ora-</strong></span> 
     </span>
     <span class='ocr_line' id='line_1_39' title="bbox 112 1250 811 1294; baseline 0.003 -13"><span class='ocrx_word' id='word_1_232' title='bbox 112 1250 155 1282; x_wconf 87' lang='lat' dir='ltr'><strong>tio</strong></span> <span class='ocrx_word' id='word_1_233' title='bbox 177 1253 287 1290; x_wconf 81' lang='lat' dir='ltr'><strong>habita,</strong></span> <span class='ocrx_word' id='word_1_234' title='bbox 309 1260 444 1293; x_wconf 84' lang='lat' dir='ltr'><strong>tempore</strong></span> <span class='ocrx_word' id='word_1_235' title='bbox 467 1255 538 1284; x_wconf 86' lang='lat' dir='ltr'><strong>belli</strong></span> <span class='ocrx_word' id='word_1_236' title='bbox 562 1254 759 1290; x_wconf 85' lang='lat' dir='ltr'><strong>Corinthiaci,</strong></span> <span class='ocrx_word' id='word_1_237' title='bbox 782 1265 811 1294; x_wconf 86' lang='lat' dir='ltr'><strong>p.</strong></span> 
     </span>
     <span class='ocr_line' id='line_1_40' title="bbox 114 1297 253 1330; baseline 0.016 -6"><span class='ocrx_word' id='word_1_238' title='bbox 114 1297 186 1330; x_wconf 87' lang='lat'><strong>100,</strong></span> <span class='ocrx_word' id='word_1_239' title='bbox 202 1298 253 1326; x_wconf 76' lang='grc'><strong>23.</strong></span> 
     </span>
    </p>

    <p class='ocr_par' dir='ltr' id='par_1_13' title="bbox 154 1338 568 1378">
     <span class='ocr_line' id='line_1_41' title="bbox 154 1338 568 1378; baseline 0.005 -11"><span class='ocrx_word' id='word_1_240' title='bbox 154 1348 186 1377; x_wconf 91' lang='lat' dir='ltr'><strong>p.</strong></span> <span class='ocrx_word' id='word_1_241' title='bbox 202 1341 255 1374; x_wconf 84' lang='grc'><strong>97,</strong></span> <span class='ocrx_word' id='word_1_242' title='bbox 271 1340 323 1369; x_wconf 82' lang='grc'><strong>15.</strong></span> <span class='ocrx_word' id='word_1_243' title='bbox 339 1338 480 1378; x_wconf 70' lang='grc' dir='ltr'>πςέποντίι</span> <span class='ocrx_word' id='word_1_244' title='bbox 493 1338 568 1369; x_wconf 75' lang='grc' dir='ltr'><strong>ἐστι.</strong></span> 
     </span>
    </p>

    <p class='ocr_par' dir='ltr' id='par_1_14' title="bbox 155 1382 728 1422">
     <span class='ocr_line' id='line_1_42' title="bbox 155 1382 728 1422; baseline 0 -11"><span class='ocrx_word' id='word_1_245' title='bbox 155 1383 207 1416; x_wconf 85' lang='grc'><strong>97,</strong></span> <span class='ocrx_word' id='word_1_246' title='bbox 220 1385 271 1413; x_wconf 85' lang='grc'><strong>16.</strong></span> <span class='ocrx_word' id='word_1_247' title='bbox 288 1382 414 1411; x_wconf 83' lang='lat' dir='ltr'><strong>Herald.</strong></span> <span class='ocrx_word' id='word_1_248' title='bbox 432 1393 458 1411; x_wconf 88' lang='lat' dir='ltr'><strong>c.</strong></span> <span class='ocrx_word' id='word_1_249' title='bbox 474 1383 598 1412; x_wconf 83' lang='lat' dir='ltr'><strong>Salmas.</strong></span> <span class='ocrx_word' id='word_1_250' title='bbox 615 1392 643 1422; x_wconf 81' lang='lat' dir='ltr'><strong>p.</strong></span> <span class='ocrx_word' id='word_1_251' title='bbox 655 1383 728 1412; x_wconf 83' lang='lat'><strong>399.</strong></span> 
     </span>
    </p>

    <p class='ocr_par' dir='ltr' id='par_1_15' title="bbox 114 1423 812 1505">
     <span class='ocr_line' id='line_1_43' title="bbox 156 1423 812 1458; baseline 0 -4"><span class='ocrx_word' id='word_1_252' title='bbox 156 1425 208 1458; x_wconf 89' lang='grc'><strong>97,</strong></span> <span class='ocrx_word' id='word_1_253' title='bbox 224 1427 275 1454; x_wconf 85' lang='grc'><strong>23.</strong></span> <span class='ocrx_word' id='word_1_254' title='bbox 309 1426 361 1453; x_wconf 83' lang='grc' dir='ltr'><strong>τῶν</strong></span> <span class='ocrx_word' id='word_1_255' title='bbox 382 1424 482 1455; x_wconf 81' lang='grc' dir='ltr'>τούτου</span> <span class='ocrx_word' id='word_1_256' title='bbox 506 1423 584 1455; x_wconf 72' lang='grc' dir='ltr'><strong>ἔπιτ’.</strong></span> <span class='ocrx_word' id='word_1_257' title='bbox 622 1425 686 1454; x_wconf 90' lang='lat' dir='ltr'><strong>Imo</strong></span> <span class='ocrx_word' id='word_1_258' title='bbox 716 1423 812 1454; x_wconf 74' lang='grc' dir='ltr'><strong>αὑτοῦ.</strong></span> 
     </span>
     <span class='ocr_line' id='line_1_44' title="bbox 114 1465 401 1505; baseline 0 -9"><span class='ocrx_word' id='word_1_259' title='bbox 114 1465 195 1496; x_wconf 85' lang='lat' dir='ltr'><strong>Vide</strong></span> <span class='ocrx_word' id='word_1_260' title='bbox 210 1466 288 1496; x_wconf 81' lang='lat' dir='ltr'><strong>iufra</strong></span> <span class='ocrx_word' id='word_1_261' title='bbox 301 1477 332 1505; x_wconf 89' lang='lat' dir='ltr'><strong>p.</strong></span> <span class='ocrx_word' id='word_1_262' title='bbox 351 1468 401 1497; x_wconf 85' lang='lat'><strong>95.</strong></span> 
     </span>
    </p>

    <p class='ocr_par' dir='ltr' id='par_1_16' title="bbox 115 1508 812 1588">
     <span class='ocr_line' id='line_1_45' title="bbox 157 1508 812 1547; baseline 0.002 -9"><span class='ocrx_word' id='word_1_263' title='bbox 157 1509 209 1545; x_wconf 89' lang='grc'><strong>97,</strong></span> <span class='ocrx_word' id='word_1_264' title='bbox 224 1512 276 1540; x_wconf 85' lang='grc'><strong>33.</strong></span> <span class='ocrx_word' id='word_1_265' title='bbox 290 1510 384 1539; x_wconf 77' lang='grc' dir='ltr'>πάντα</span> <span class='ocrx_word' id='word_1_266' title='bbox 397 1511 436 1539; x_wconf 73' lang='grc' dir='ltr'><strong>τὰ</strong></span> <span class='ocrx_word' id='word_1_267' title='bbox 451 1509 504 1539; x_wconf 75' lang='grc' dir='ltr'><strong>ὑπὸ</strong></span> <span class='ocrx_word' id='word_1_268' title='bbox 516 1521 546 1539; x_wconf 86' lang='grc' dir='ltr'><strong>τ.</strong></span> <span class='ocrx_word' id='word_1_269' title='bbox 561 1521 591 1547; x_wconf 82' lang='grc' dir='ltr'><strong>γ.</strong></span> <span class='ocrx_word' id='word_1_270' title='bbox 612 1510 660 1539; x_wconf 84' lang='lat' dir='ltr'><strong>vel</strong></span> <span class='ocrx_word' id='word_1_271' title='bbox 679 1509 746 1539; x_wconf 83' lang='lat' dir='ltr'><strong>dele</strong></span> <span class='ocrx_word' id='word_1_272' title='bbox 760 1508 812 1539; x_wconf 73' lang='grc' dir='ltr'><strong>ὑπὸ</strong></span> 
     </span>
     <span class='ocr_line' id='line_1_46' title="bbox 115 1561 189 1588; baseline -0.014 -8"><span class='ocrx_word' id='word_1_273' title='bbox 115 1562 146 1580; x_wconf 88' lang='grc' dir='ltr'><strong>τ.</strong></span> <span class='ocrx_word' id='word_1_274' title='bbox 160 1561 189 1588; x_wconf 75' lang='grc' dir='ltr'><strong>γ.</strong></span> 
     </span>
    </p>

    <p class='ocr_par' dir='ltr' id='par_1_17' title="bbox 115 1592 813 1672">
     <span class='ocr_line' id='line_1_47' title="bbox 157 1592 813 1629; baseline 0 -6"><span class='ocrx_word' id='word_1_275' title='bbox 157 1595 210 1629; x_wconf 85' lang='grc'><strong>98,</strong></span> <span class='ocrx_word' id='word_1_276' title='bbox 223 1596 273 1624; x_wconf 88' lang='lat'><strong>16.</strong></span> <span class='ocrx_word' id='word_1_277' title='bbox 291 1592 323 1623; x_wconf 73' lang='grc' dir='ltr'><strong>τὸ</strong></span> <span class='ocrx_word' id='word_1_278' title='bbox 333 1593 437 1624; x_wconf 80' lang='grc' dir='ltr'>παιδίον</span> <span class='ocrx_word' id='word_1_279' title='bbox 452 1605 508 1623; x_wconf 90' lang='lat' dir='ltr'><strong>non</strong></span> <span class='ocrx_word' id='word_1_280' title='bbox 525 1604 592 1624; x_wconf 80' lang='lat' dir='ltr'><strong>esse</strong></span> <span class='ocrx_word' id='word_1_281' title='bbox 607 1594 727 1624; x_wconf 84' lang='lat' dir='ltr'><strong>videtur</strong></span> <span class='ocrx_word' id='word_1_282' title='bbox 736 1594 813 1624; x_wconf 78' lang='lat' dir='ltr'><strong>The-</strong></span> 
     </span>
     <span class='ocr_line' id='line_1_48' title="bbox 115 1636 632 1672; baseline 0.004 -8"><span class='ocrx_word' id='word_1_283' title='bbox 115 1636 222 1665; x_wconf 89' lang='lat' dir='ltr'><strong>odotus</strong></span> <span class='ocrx_word' id='word_1_284' title='bbox 237 1647 244 1672; x_wconf 93' lang='lat'>;</span> <span class='ocrx_word' id='word_1_285' title='bbox 266 1637 318 1667; x_wconf 86' lang='lat' dir='ltr'><strong>sed</strong></span> <span class='ocrx_word' id='word_1_286' title='bbox 336 1636 479 1671; x_wconf 75' lang='grc' dir='ltr'>ἀκόλουθος</span> <span class='ocrx_word' id='word_1_287' title='bbox 494 1637 632 1666; x_wconf 81' lang='lat' dir='ltr'><strong>oratoris.</strong></span> 
     </span>
    </p>

    <p class='ocr_par' dir='ltr' id='par_1_18' title="bbox 115 1679 815 1802">
     <span class='ocr_line' id='line_1_49' title="bbox 158 1679 813 1713; baseline -0.002 -5"><span class='ocrx_word' id='word_1_288' title='bbox 158 1680 210 1713; x_wconf 89' lang='lat'><strong>98,</strong></span> <span class='ocrx_word' id='word_1_289' title='bbox 226 1681 277 1709; x_wconf 87' lang='lat'><strong>19.</strong></span> <span class='ocrx_word' id='word_1_290' title='bbox 311 1679 364 1708; x_wconf 85' lang='lat' dir='ltr'><strong>Nil</strong></span> <span class='ocrx_word' id='word_1_291' title='bbox 390 1680 426 1708; x_wconf 86' lang='lat' dir='ltr'><strong>ad</strong></span> <span class='ocrx_word' id='word_1_292' title='bbox 458 1690 518 1707; x_wconf 86' lang='lat' dir='ltr'><strong>rem</strong></span> <span class='ocrx_word' id='word_1_293' title='bbox 551 1680 704 1708; x_wconf 84' lang='lat' dir='ltr'><strong>AEschinis</strong></span> <span class='ocrx_word' id='word_1_294' title='bbox 728 1680 813 1707; x_wconf 84' lang='lat' dir='ltr'><strong>locus</strong></span> 
     </span>
     <span class='ocr_line' id='line_1_50' title="bbox 115 1719 815 1761; baseline 0.001 -12"><span class='ocrx_word' id='word_1_295' title='bbox 115 1719 162 1760; x_wconf 90' lang='lat' dir='ltr'><strong>(p.</strong></span> <span class='ocrx_word' id='word_1_296' title='bbox 176 1723 228 1756; x_wconf 83' lang='grc'><strong>23,</strong></span> <span class='ocrx_word' id='word_1_297' title='bbox 243 1720 293 1758; x_wconf 88' lang='grc'><strong>3.)</strong></span> <span class='ocrx_word' id='word_1_298' title='bbox 305 1721 384 1761; x_wconf 86' lang='lat' dir='ltr'><strong>apud</strong></span> <span class='ocrx_word' id='word_1_299' title='bbox 398 1721 508 1750; x_wconf 88' lang='lat' dir='ltr'><strong>Reisk.</strong></span> <span class='ocrx_word' id='word_1_300' title='bbox 532 1722 597 1750; x_wconf 77' lang='lat' dir='ltr'><strong>Iino</strong></span> <span class='ocrx_word' id='word_1_301' title='bbox 615 1721 679 1759; x_wconf 82' lang='lat' dir='ltr'><strong>ipse</strong></span> <span class='ocrx_word' id='word_1_302' title='bbox 696 1721 815 1751; x_wconf 77' lang='lat' dir='ltr'><strong>AEsclii-</strong></span> 
     </span>
     <span class='ocr_line' id='line_1_51' title="bbox 116 1764 635 1802; baseline 0 -10"><span class='ocrx_word' id='word_1_303' title='bbox 116 1773 169 1793; x_wconf 87' lang='lat' dir='ltr'><strong>nes</strong></span> <span class='ocrx_word' id='word_1_304' title='bbox 181 1773 212 1802; x_wconf 90' lang='lat' dir='ltr'><strong>p.</strong></span> <span class='ocrx_word' id='word_1_305' title='bbox 225 1765 277 1799; x_wconf 82' lang='grc'><strong>23,</strong></span> <span class='ocrx_word' id='word_1_306' title='bbox 292 1766 343 1794; x_wconf 83' lang='grc'><strong>36.</strong></span> <span class='ocrx_word' id='word_1_307' title='bbox 361 1764 533 1802; x_wconf 84' lang='lat' dir='ltr'><strong>exemplum</strong></span> <span class='ocrx_word' id='word_1_308' title='bbox 550 1764 635 1793; x_wconf 86' lang='lat' dir='ltr'><strong>citat.</strong></span> 
     </span>
    </p>
   </div>
   <div class='ocr_carea' id='block_1_6' title="bbox 845 1210 1548 1803">
    <p class='ocr_par' dir='ltr' id='par_1_19' title="bbox 887 1210 1542 1253">
     <span class='ocr_line' id='line_1_52' title="bbox 887 1210 1542 1253; baseline -0.002 -11"><span class='ocrx_word' id='word_1_309' title='bbox 887 1213 940 1247; x_wconf 87' lang='lat'><strong>99,</strong></span> <span class='ocrx_word' id='word_1_310' title='bbox 951 1214 1003 1241; x_wconf 87' lang='grc'><strong>27.</strong></span> <span class='ocrx_word' id='word_1_311' title='bbox 1019 1212 1065 1241; x_wconf 82' lang='grc' dir='ltr'><strong>Αη</strong></span> <span class='ocrx_word' id='word_1_312' title='bbox 1078 1210 1172 1245; x_wconf 79' lang='grc' dir='ltr'>ἄλλως</span> <span class='ocrx_word' id='word_1_313' title='bbox 1182 1211 1209 1241; x_wconf 78' lang='grc' dir='ltr'>δὲ</span> <span class='ocrx_word' id='word_1_314' title='bbox 1221 1211 1252 1241; x_wconf 73' lang='grc' dir='ltr'><strong>τὸ</strong></span> <span class='ocrx_word' id='word_1_315' title='bbox 1259 1214 1382 1253; x_wconf 66' lang='grc' dir='ltr'>πρᾶγμα</span> <span class='ocrx_word' id='word_1_316' title='bbox 1395 1212 1462 1241; x_wconf 73' lang='grc' dir='ltr'>αὗτό</span> <span class='ocrx_word' id='word_1_317' title='bbox 1473 1223 1542 1243; x_wconf 78' lang='grc' dir='ltr'><strong>πεπ.</strong></span> 
     </span>
    </p>

    <p class='ocr_par' dir='ltr' id='par_1_20' title="bbox 845 1256 1544 1335">
     <span class='ocr_line' id='line_1_53' title="bbox 888 1256 1544 1294; baseline 0 -10"><span class='ocrx_word' id='word_1_318' title='bbox 888 1257 940 1289; x_wconf 89' lang='grc'><strong>99,</strong></span> <span class='ocrx_word' id='word_1_319' title='bbox 961 1256 1012 1283; x_wconf 75' lang='grc'><strong>43.</strong></span> <span class='ocrx_word' id='word_1_320' title='bbox 1041 1256 1124 1294; x_wconf 81' lang='lat' dir='ltr'><strong>Lege</strong></span> <span class='ocrx_word' id='word_1_321' title='bbox 1148 1256 1295 1292; x_wconf 78' lang='grc' dir='ltr'>καταγεὶς,</span> <span class='ocrx_word' id='word_1_322' title='bbox 1315 1261 1345 1285; x_wconf 86' lang='lat' dir='ltr'><strong>et</strong></span> <span class='ocrx_word' id='word_1_323' title='bbox 1368 1266 1398 1294; x_wconf 87' lang='lat' dir='ltr'><strong>p.</strong></span> <span class='ocrx_word' id='word_1_324' title='bbox 1421 1258 1492 1291; x_wconf 84' lang='lat'><strong>100,</strong></span> <span class='ocrx_word' id='word_1_325' title='bbox 1513 1257 1544 1286; x_wconf 87' lang='lat'><strong>5.</strong></span> 
     </span>
     <span class='ocr_line' id='line_1_54' title="bbox 845 1296 1030 1335; baseline 0 -9"><span class='ocrx_word' id='word_1_326' title='bbox 845 1296 1030 1335; x_wconf 75' lang='grc' dir='ltr'><strong>κατάξαντες.</strong></span> 
     </span>
    </p>

    <p class='ocr_par' dir='ltr' id='par_1_21' title="bbox 847 1339 1545 1421">
     <span class='ocr_line' id='line_1_55' title="bbox 891 1339 1544 1380; baseline 0.002 -12"><span class='ocrx_word' id='word_1_327' title='bbox 891 1342 962 1375; x_wconf 81' lang='grc'><strong>100,</strong></span> <span class='ocrx_word' id='word_1_328' title='bbox 978 1343 1028 1369; x_wconf 84' lang='grc'><strong>12.</strong></span> <span class='ocrx_word' id='word_1_329' title='bbox 1046 1340 1139 1378; x_wconf 80' lang='lat' dir='ltr'><strong>Lege,</strong></span> <span class='ocrx_word' id='word_1_330' title='bbox 1153 1339 1198 1369; x_wconf 72' lang='grc' dir='ltr'><strong>καὶ</strong></span> <span class='ocrx_word' id='word_1_331' title='bbox 1213 1339 1265 1380; x_wconf 60' lang='grc' dir='ltr'><strong>’γὰρ</strong></span> <span class='ocrx_word' id='word_1_332' title='bbox 1282 1339 1312 1369; x_wconf 73' lang='grc' dir='ltr'><strong>ἃν</strong></span> <span class='ocrx_word' id='word_1_333' title='bbox 1327 1339 1399 1369; x_wconf 68' lang='grc' dir='ltr'>δεινὶν</span> <span class='ocrx_word' id='word_1_334' title='bbox 1414 1340 1450 1370; x_wconf 79' lang='grc' dir='ltr'>εἰἠ</span> <span class='ocrx_word' id='word_1_335' title='bbox 1466 1340 1488 1369; x_wconf 86' lang='grc' dir='ltr'>εἰ</span> <span class='ocrx_word' id='word_1_336' title='bbox 1503 1357 1544 1362; x_wconf 83' lang='lat'><strong>-—</strong></span> 
     </span>
     <span class='ocr_line' id='line_1_56' title="bbox 847 1381 1545 1421; baseline -0.001 -9"><span class='ocrx_word' id='word_1_337' title='bbox 847 1382 895 1412; x_wconf 85' lang='lat' dir='ltr'><strong>vel</strong></span> <span class='ocrx_word' id='word_1_338' title='bbox 913 1382 1024 1420; x_wconf 78' lang='lat' dir='ltr'><strong>potius,</strong></span> <span class='ocrx_word' id='word_1_339' title='bbox 1036 1383 1082 1411; x_wconf 74' lang='grc' dir='ltr'>καὶ</span> <span class='ocrx_word' id='word_1_340' title='bbox 1094 1384 1146 1421; x_wconf 69' lang='grc' dir='ltr'><strong>γᾶς</strong></span> <span class='ocrx_word' id='word_1_341' title='bbox 1160 1383 1190 1411; x_wconf 72' lang='grc' dir='ltr'><strong>ἂν</strong></span> <span class='ocrx_word' id='word_1_342' title='bbox 1206 1383 1280 1412; x_wconf 74' lang='grc' dir='ltr'>δεινὲν</span> <span class='ocrx_word' id='word_1_343' title='bbox 1293 1383 1315 1411; x_wconf 81' lang='grc' dir='ltr'>εἰ</span> <span class='ocrx_word' id='word_1_344' title='bbox 1332 1400 1373 1405; x_wconf 90' lang='lat'><strong>·—</strong></span> <span class='ocrx_word' id='word_1_345' title='bbox 1388 1381 1545 1413; x_wconf 71' lang='grc' dir='ltr'>ποιήσεσθε.</span> 
     </span>
    </p>

    <p class='ocr_par' dir='ltr' id='par_1_22' title="bbox 847 1423 1548 1803">
     <span class='ocr_line' id='line_1_57' title="bbox 891 1423 1545 1464; baseline 0 -11"><span class='ocrx_word' id='word_1_346' title='bbox 891 1428 963 1459; x_wconf 87' lang='grc'><strong>100,</strong></span> <span class='ocrx_word' id='word_1_347' title='bbox 981 1427 1031 1455; x_wconf 78' lang='grc'><strong>13.</strong></span> <span class='ocrx_word' id='word_1_348' title='bbox 1052 1423 1082 1453; x_wconf 75' lang='grc' dir='ltr'><strong>ἐκ</strong></span> <span class='ocrx_word' id='word_1_349' title='bbox 1106 1425 1199 1462; x_wconf 64' lang='grc' dir='ltr'>μέθης</span> <span class='ocrx_word' id='word_1_350' title='bbox 1222 1426 1269 1454; x_wconf 72' lang='grc' dir='ltr'><strong>καὶ</strong></span> <span class='ocrx_word' id='word_1_351' title='bbox 1290 1424 1453 1464; x_wconf 78' lang='grc' dir='ltr'>φιλονεικίας</span> <span class='ocrx_word' id='word_1_352' title='bbox 1475 1424 1488 1456; x_wconf 81' lang='grc' dir='ltr'>ἢ</span> <span class='ocrx_word' id='word_1_353' title='bbox 1514 1425 1545 1454; x_wconf 82' lang='grc' dir='ltr'><strong>ἐκ</strong></span> 
     </span>
     <span class='ocr_line' id='line_1_58' title="bbox 848 1466 1545 1507; baseline 0.001 -11"><span class='ocrx_word' id='word_1_354' title='bbox 848 1468 979 1497; x_wconf 73' lang='grc' dir='ltr'>παιδικῶν</span> <span class='ocrx_word' id='word_1_355' title='bbox 1004 1467 1018 1497; x_wconf 81' lang='grc' dir='ltr'>ἦ</span> <span class='ocrx_word' id='word_1_356' title='bbox 1048 1466 1078 1496; x_wconf 84' lang='grc' dir='ltr'><strong>ἔκ</strong></span> <span class='ocrx_word' id='word_1_357' title='bbox 1105 1466 1233 1506; x_wconf 58' lang='grc' dir='ltr'>λοιδορίας</span> <span class='ocrx_word' id='word_1_358' title='bbox 1257 1467 1270 1498; x_wconf 68' lang='grc' dir='ltr'>ἦ</span> <span class='ocrx_word' id='word_1_359' title='bbox 1293 1468 1352 1507; x_wconf 75' lang='grc' dir='ltr'>περὶ</span> <span class='ocrx_word' id='word_1_360' title='bbox 1377 1467 1545 1507; x_wconf 55' lang='grc' dir='ltr'>ἑταίρας-η</span> 
     </span>
     <span class='ocr_line' id='line_1_59' title="bbox 847 1509 1547 1550; baseline 0.001 -12"><span class='ocrx_word' id='word_1_361' title='bbox 847 1510 980 1539; x_wconf 77' lang='lat' dir='ltr'><strong>Turbata</strong></span> <span class='ocrx_word' id='word_1_362' title='bbox 995 1510 1153 1539; x_wconf 85' lang='lat' dir='ltr'><strong>videntur:</strong></span> <span class='ocrx_word' id='word_1_363' title='bbox 1177 1511 1245 1539; x_wconf 79' lang='lat' dir='ltr'><strong>ferri</strong></span> <span class='ocrx_word' id='word_1_364' title='bbox 1271 1515 1384 1550; x_wconf 83' lang='lat' dir='ltr'><strong>potest,</strong></span> <span class='ocrx_word' id='word_1_365' title='bbox 1410 1510 1441 1539; x_wconf 76' lang='grc' dir='ltr'><strong>ἐκ</strong></span> <span class='ocrx_word' id='word_1_366' title='bbox 1459 1509 1547 1550; x_wconf 76' lang='grc' dir='ltr'>μέθης</span> 
     </span>
     <span class='ocr_line' id='line_1_60' title="bbox 847 1552 1547 1592; baseline 0 -11"><span class='ocrx_word' id='word_1_367' title='bbox 847 1552 893 1581; x_wconf 78' lang='grc' dir='ltr'><strong>καὶ</strong></span> <span class='ocrx_word' id='word_1_368' title='bbox 908 1552 1072 1591; x_wconf 74' lang='grc' dir='ltr'>φιλονεικίας</span> <span class='ocrx_word' id='word_1_369' title='bbox 1086 1552 1100 1583; x_wconf 77' lang='grc' dir='ltr'>ἢ</span> <span class='ocrx_word' id='word_1_370' title='bbox 1116 1552 1253 1592; x_wconf 73' lang='grc' dir='ltr'>λοιδορίας,</span> <span class='ocrx_word' id='word_1_371' title='bbox 1266 1553 1280 1582; x_wconf 83' lang='grc' dir='ltr'>ἢ</span> <span class='ocrx_word' id='word_1_372' title='bbox 1293 1552 1404 1592; x_wconf 72' lang='grc' dir='ltr'>ἒταίξας</span> <span class='ocrx_word' id='word_1_373' title='bbox 1422 1552 1435 1583; x_wconf 76' lang='grc' dir='ltr'>ἢ</span> <span class='ocrx_word' id='word_1_374' title='bbox 1454 1553 1547 1581; x_wconf 83' lang='grc' dir='ltr'>παιδι-</span> 
     </span>
     <span class='ocr_line' id='line_1_61' title="bbox 847 1595 1546 1634; baseline 0.001 -11"><span class='ocrx_word' id='word_1_375' title='bbox 847 1598 898 1624; x_wconf 76' lang='grc' dir='ltr'><strong>κῶν</strong></span> <span class='ocrx_word' id='word_1_376' title='bbox 912 1613 952 1616; x_wconf 88' lang='grc'>-</span> <span class='ocrx_word' id='word_1_377' title='bbox 965 1596 1016 1624; x_wconf 85' lang='lat' dir='ltr'><strong>sed</strong></span> <span class='ocrx_word' id='word_1_378' title='bbox 1035 1605 1119 1634; x_wconf 85' lang='lat' dir='ltr'><strong>susp.</strong></span> <span class='ocrx_word' id='word_1_379' title='bbox 1136 1599 1237 1624; x_wconf 74' lang='lat' dir='ltr'><strong>cetera</strong></span> <span class='ocrx_word' id='word_1_380' title='bbox 1253 1596 1392 1629; x_wconf 82' lang='lat' dir='ltr'><strong>delenda,</strong></span> <span class='ocrx_word' id='word_1_381' title='bbox 1403 1600 1431 1624; x_wconf 83' lang='lat' dir='ltr'><strong>et</strong></span> <span class='ocrx_word' id='word_1_382' title='bbox 1445 1595 1546 1633; x_wconf 88' lang='lat' dir='ltr'><strong>legen-</strong></span> 
     </span>
     <span class='ocr_line' id='line_1_62' title="bbox 849 1636 1547 1677; baseline 0.003 -12"><span class='ocrx_word' id='word_1_383' title='bbox 849 1638 930 1673; x_wconf 78' lang='lat' dir='ltr'><strong>dum,</strong></span> <span class='ocrx_word' id='word_1_384' title='bbox 946 1636 977 1666; x_wconf 77' lang='grc' dir='ltr'><strong>ἐκ</strong></span> <span class='ocrx_word' id='word_1_385' title='bbox 995 1636 1081 1677; x_wconf 77' lang='grc' dir='ltr'>μέθης</span> <span class='ocrx_word' id='word_1_386' title='bbox 1094 1638 1140 1667; x_wconf 71' lang='grc' dir='ltr'><strong>καὶ</strong></span> <span class='ocrx_word' id='word_1_387' title='bbox 1156 1637 1327 1676; x_wconf 75' lang='grc' dir='ltr'>φιλονεικίας,</span> <span class='ocrx_word' id='word_1_388' title='bbox 1343 1638 1356 1668; x_wconf 81' lang='grc' dir='ltr'>ἢ</span> <span class='ocrx_word' id='word_1_389' title='bbox 1374 1638 1433 1677; x_wconf 58' lang='grc' dir='ltr'>περὶ</span> <span class='ocrx_word' id='word_1_390' title='bbox 1452 1638 1547 1667; x_wconf 78' lang='grc' dir='ltr'>παιδι-</span> 
     </span>
     <span class='ocr_line' id='line_1_63' title="bbox 848 1681 1548 1720; baseline 0.003 -12"><span class='ocrx_word' id='word_1_391' title='bbox 848 1682 900 1709; x_wconf 75' lang='grc' dir='ltr'><strong>κῶν</strong></span> <span class='ocrx_word' id='word_1_392' title='bbox 924 1691 1046 1720; x_wconf 84' lang='grc' dir='ltr'><strong>μαχομ.</strong></span> <span class='ocrx_word' id='word_1_393' title='bbox 1075 1684 1108 1709; x_wconf 87' lang='lat' dir='ltr'><strong>ut</strong></span> <span class='ocrx_word' id='word_1_394' title='bbox 1132 1681 1276 1720; x_wconf 85' lang='lat' dir='ltr'><strong>Xenoph.</strong></span> <span class='ocrx_word' id='word_1_395' title='bbox 1308 1681 1402 1710; x_wconf 80' lang='lat' dir='ltr'><strong>Anab.</strong></span> <span class='ocrx_word' id='word_1_396' title='bbox 1425 1683 1456 1710; x_wconf 89' lang='lat'><strong>5.</strong></span> <span class='ocrx_word' id='word_1_397' title='bbox 1474 1683 1502 1709; x_wconf 84' lang='lat'><strong>8.</strong></span> <span class='ocrx_word' id='word_1_398' title='bbox 1517 1684 1548 1710; x_wconf 86' lang='lat'><strong>4.</strong></span> 
     </span>
     <span class='ocr_line' id='line_1_64' title="bbox 849 1721 1548 1761; baseline 0.004 -12"><span class='ocrx_word' id='word_1_399' title='bbox 849 1721 879 1749; x_wconf 76' lang='grc' dir='ltr'><strong>ἐκ</strong></span> <span class='ocrx_word' id='word_1_400' title='bbox 892 1722 1023 1752; x_wconf 74' lang='grc' dir='ltr'>παιδικῶν</span> <span class='ocrx_word' id='word_1_401' title='bbox 1037 1732 1073 1750; x_wconf 90' lang='lat' dir='ltr'><strong>ue</strong></span> <span class='ocrx_word' id='word_1_402' title='bbox 1088 1723 1226 1751; x_wconf 87' lang='lat' dir='ltr'><strong>Graecum</strong></span> <span class='ocrx_word' id='word_1_403' title='bbox 1251 1723 1370 1760; x_wconf 83' lang='lat' dir='ltr'><strong>quidem</strong></span> <span class='ocrx_word' id='word_1_404' title='bbox 1388 1726 1470 1761; x_wconf 85' lang='lat' dir='ltr'><strong>puto.</strong></span> <span class='ocrx_word' id='word_1_405' title='bbox 1503 1724 1548 1753; x_wconf 89' lang='lat' dir='ltr'><strong>An</strong></span> 
     </span>
     <span class='ocr_line' id='line_1_65' title="bbox 848 1762 1339 1803; baseline 0.002 -11"><span class='ocrx_word' id='word_1_406' title='bbox 848 1762 880 1793; x_wconf 81' lang='grc' dir='ltr'><strong>ἐκ</strong></span> <span class='ocrx_word' id='word_1_407' title='bbox 896 1765 1093 1803; x_wconf 66' lang='grc' dir='ltr'>παιδιᾶς,]οοο</span> <span class='ocrx_word' id='word_1_408' title='bbox 1110 1765 1140 1793; x_wconf 80' lang='lat' dir='ltr'><strong>in</strong></span> <span class='ocrx_word' id='word_1_409' title='bbox 1155 1766 1227 1794; x_wconf 82' lang='lat' dir='ltr'><strong>seria</strong></span> <span class='ocrx_word' id='word_1_410' title='bbox 1242 1765 1339 1794; x_wconf 73' lang='lat' dir='ltr'><strong>verso?</strong></span> 
     </span>
    </p>
   </div>
   <div class='ocr_carea' id='block_1_7' title="bbox 327 1853 1366 1906">
    <p class='ocr_par' dir='ltr' id='par_1_23' title="bbox 327 1853 1366 1906">
     <span class='ocr_line' id='line_1_66' title="bbox 327 1853 1366 1906; baseline -0.001 -13"><span class='ocrx_word' id='word_1_411' title='bbox 327 1856 396 1894; x_wconf 86' lang='lat' dir='ltr'><strong>IV.</strong></span> <span class='ocrx_word' id='word_1_412' title='bbox 425 1873 463 1893; x_wconf 87' lang='grc' dir='ltr'><strong>π.</strong></span> <span class='ocrx_word' id='word_1_413' title='bbox 479 1857 604 1906; x_wconf 76' lang='grc' dir='ltr'><strong>τραῦμ.</strong></span> <span class='ocrx_word' id='word_1_414' title='bbox 628 1856 665 1893; x_wconf 81' lang='grc' dir='ltr'><strong>ἐκ</strong></span> <span class='ocrx_word' id='word_1_415' title='bbox 694 1871 756 1906; x_wconf 82' lang='grc' dir='ltr'><strong>πρ.</strong></span> <span class='ocrx_word' id='word_1_416' title='bbox 775 1853 862 1905; x_wconf 76' lang='grc' dir='ltr'><strong>ὑπὲρ</strong></span> <span class='ocrx_word' id='word_1_417' title='bbox 881 1854 936 1902; x_wconf 76' lang='grc' dir='ltr'><strong>οὗ,</strong></span> <span class='ocrx_word' id='word_1_418' title='bbox 955 1856 1014 1891; x_wconf 82' lang='grc' dir='ltr'>καὶ</span> <span class='ocrx_word' id='word_1_419' title='bbox 1031 1855 1121 1906; x_wconf 77' lang='grc' dir='ltr'><strong>πρὸς</strong></span> <span class='ocrx_word' id='word_1_420' title='bbox 1137 1856 1190 1902; x_wconf 75' lang='grc' dir='ltr'><strong>ὃν,</strong></span> <span class='ocrx_word' id='word_1_421' title='bbox 1215 1855 1366 1901; x_wconf 77' lang='grc' dir='ltr'><strong>ἄδηλον.</strong></span> 
     </span>
    </p>
   </div>
   <div class='ocr_carea' id='block_1_8' title="bbox 120 1948 824 2884">
    <p class='ocr_par' dir='ltr' id='par_1_24' title="bbox 120 1948 820 2329">
     <span class='ocr_line' id='line_1_67' title="bbox 161 1948 816 1989; baseline 0 -11"><span class='ocrx_word' id='word_1_422' title='bbox 161 1948 240 1978; x_wconf 81' lang='lat' dir='ltr'><strong>Vide</strong></span> <span class='ocrx_word' id='word_1_423' title='bbox 261 1949 370 1979; x_wconf 82' lang='lat' dir='ltr'><strong>Reisk.</strong></span> <span class='ocrx_word' id='word_1_424' title='bbox 393 1950 442 1979; x_wconf 88' lang='lat' dir='ltr'><strong>Ad</strong></span> <span class='ocrx_word' id='word_1_425' title='bbox 468 1949 673 1989; x_wconf 87' lang='lat' dir='ltr'><strong>Areopagum,</strong></span> <span class='ocrx_word' id='word_1_426' title='bbox 696 1959 727 1988; x_wconf 90' lang='lat' dir='ltr'><strong>p.</strong></span> <span class='ocrx_word' id='word_1_427' title='bbox 743 1951 816 1985; x_wconf 92' lang='lat'><strong>101,</strong></span> 
     </span>
     <span class='ocr_line' id='line_1_68' title="bbox 121 1992 818 2028; baseline 0 -6"><span class='ocrx_word' id='word_1_428' title='bbox 121 1993 151 2022; x_wconf 89' lang='lat'><strong>6.</strong></span> <span class='ocrx_word' id='word_1_429' title='bbox 174 1992 331 2028; x_wconf 79' lang='lat' dir='ltr'><strong>Defensio,</strong></span> <span class='ocrx_word' id='word_1_430' title='bbox 347 2002 406 2022; x_wconf 90' lang='lat' dir='ltr'><strong>non</strong></span> <span class='ocrx_word' id='word_1_431' title='bbox 430 1993 523 2028; x_wconf 79' lang='lat' dir='ltr'><strong>actio,</strong></span> <span class='ocrx_word' id='word_1_432' title='bbox 549 1998 581 2022; x_wconf 88' lang='lat' dir='ltr'><strong>ut</strong></span> <span class='ocrx_word' id='word_1_433' title='bbox 604 1997 686 2022; x_wconf 86' lang='lat' dir='ltr'><strong>recte</strong></span> <span class='ocrx_word' id='word_1_434' title='bbox 713 1992 818 2022; x_wconf 77' lang='lat' dir='ltr'><strong>Reisk.</strong></span> 
     </span>
     <span class='ocr_line' id='line_1_69' title="bbox 120 2034 817 2072; baseline 0.003 -9"><span class='ocrx_word' id='word_1_435' title='bbox 120 2034 198 2064; x_wconf 86' lang='lat' dir='ltr'><strong>male</strong></span> <span class='ocrx_word' id='word_1_436' title='bbox 212 2039 310 2064; x_wconf 76' lang='lat' dir='ltr'><strong>tamen</strong></span> <span class='ocrx_word' id='word_1_437' title='bbox 334 2040 469 2065; x_wconf 81' lang='lat' dir='ltr'><strong>statuens</strong></span> <span class='ocrx_word' id='word_1_438' title='bbox 482 2046 546 2065; x_wconf 88' lang='lat' dir='ltr'><strong>cum</strong></span> <span class='ocrx_word' id='word_1_439' title='bbox 566 2035 686 2064; x_wconf 86' lang='lat' dir='ltr'><strong>Valesio</strong></span> <span class='ocrx_word' id='word_1_440' title='bbox 703 2045 733 2072; x_wconf 91' lang='lat' dir='ltr'><strong>p.</strong></span> <span class='ocrx_word' id='word_1_441' title='bbox 746 2036 817 2065; x_wconf 87' lang='lat'><strong>165.</strong></span> 
     </span>
     <span class='ocr_line' id='line_1_70' title="bbox 121 2077 818 2116; baseline 0 -10"><span class='ocrx_word' id='word_1_442' title='bbox 121 2087 150 2106; x_wconf 91' lang='lat' dir='ltr'><strong>n.</strong></span> <span class='ocrx_word' id='word_1_443' title='bbox 166 2079 195 2107; x_wconf 82' lang='lat'><strong>3.</strong></span> <span class='ocrx_word' id='word_1_444' title='bbox 222 2077 322 2116; x_wconf 84' lang='lat' dir='ltr'><strong>Lysiae</strong></span> <span class='ocrx_word' id='word_1_445' title='bbox 346 2078 401 2107; x_wconf 85' lang='lat' dir='ltr'><strong>suit</strong></span> <span class='ocrx_word' id='word_1_446' title='bbox 416 2078 511 2107; x_wconf 85' lang='lat' dir='ltr'><strong>oratio</strong></span> <span class='ocrx_word' id='word_1_447' title='bbox 529 2079 606 2108; x_wconf 71' lang='grc' dir='ltr'>κατὰ</span> <span class='ocrx_word' id='word_1_448' title='bbox 621 2077 818 2111; x_wconf 75' lang='grc' dir='ltr'>Ποσειδίππου,</span> 
     </span>
     <span class='ocr_line' id='line_1_71' title="bbox 121 2119 818 2160; baseline 0 -11"><span class='ocrx_word' id='word_1_449' title='bbox 121 2129 179 2149; x_wconf 90' lang='lat' dir='ltr'><strong>non</strong></span> <span class='ocrx_word' id='word_1_450' title='bbox 211 2119 275 2159; x_wconf 76' lang='grc' dir='ltr'>πςδς</span> <span class='ocrx_word' id='word_1_451' title='bbox 297 2119 499 2156; x_wconf 65' lang='grc' dir='ltr'>Ποσείδιππον,</span> <span class='ocrx_word' id='word_1_452' title='bbox 529 2121 608 2160; x_wconf 90' lang='lat' dir='ltr'><strong>quod</strong></span> <span class='ocrx_word' id='word_1_453' title='bbox 639 2121 689 2149; x_wconf 86' lang='lat' dir='ltr'><strong>hic</strong></span> <span class='ocrx_word' id='word_1_454' title='bbox 716 2121 818 2149; x_wconf 89' lang='lat' dir='ltr'><strong>debuit</strong></span> 
     </span>
     <span class='ocr_line' id='line_1_72' title="bbox 121 2161 819 2202; baseline 0.001 -12"><span class='ocrx_word' id='word_1_455' title='bbox 121 2161 203 2200; x_wconf 89' lang='lat' dir='ltr'><strong>poni.</strong></span> <span class='ocrx_word' id='word_1_456' title='bbox 241 2163 378 2201; x_wconf 87' lang='lat' dir='ltr'><strong>Spuriam</strong></span> <span class='ocrx_word' id='word_1_457' title='bbox 419 2168 521 2192; x_wconf 78' lang='lat' dir='ltr'><strong>censet</strong></span> <span class='ocrx_word' id='word_1_458' title='bbox 545 2163 704 2202; x_wconf 82' lang='lat' dir='ltr'><strong>Taylorus.</strong></span> <span class='ocrx_word' id='word_1_459' title='bbox 741 2162 819 2191; x_wconf 83' lang='lat' dir='ltr'><strong>Vide</strong></span> 
     </span>
     <span class='ocr_line' id='line_1_73' title="bbox 122 2205 820 2244; baseline 0.001 -11"><span class='ocrx_word' id='word_1_460' title='bbox 122 2214 218 2233; x_wconf 85' lang='lat' dir='ltr'><strong>annon</strong></span> <span class='ocrx_word' id='word_1_461' title='bbox 245 2205 346 2243; x_wconf 87' lang='lat' dir='ltr'><strong>potius</strong></span> <span class='ocrx_word' id='word_1_462' title='bbox 382 2205 420 2234; x_wconf 84' lang='lat' dir='ltr'><strong>sit</strong></span> <span class='ocrx_word' id='word_1_463' title='bbox 449 2205 592 2244; x_wconf 79' lang='lat' dir='ltr'><strong>epitome,</strong></span> <span class='ocrx_word' id='word_1_464' title='bbox 617 2211 649 2234; x_wconf 86' lang='lat' dir='ltr'><strong>ut</strong></span> <span class='ocrx_word' id='word_1_465' title='bbox 674 2216 700 2234; x_wconf 87' lang='lat' dir='ltr'><strong>c.</strong></span> <span class='ocrx_word' id='word_1_466' title='bbox 721 2206 820 2234; x_wconf 87' lang='lat' dir='ltr'><strong>Theo—</strong></span> 
     </span>
     <span class='ocr_line' id='line_1_74' title="bbox 121 2248 820 2288; baseline 0.003 -13"><span class='ocrx_word' id='word_1_467' title='bbox 121 2251 269 2276; x_wconf 86' lang='lat' dir='ltr'><strong>mnestum</strong></span> <span class='ocrx_word' id='word_1_468' title='bbox 282 2248 424 2288; x_wconf 82' lang='lat' dir='ltr'><strong>secunda.</strong></span> <span class='ocrx_word' id='word_1_469' title='bbox 436 2248 469 2278; x_wconf 94' lang='lat' dir='ltr'><strong>Si</strong></span> <span class='ocrx_word' id='word_1_470' title='bbox 483 2259 551 2278; x_wconf 88' lang='lat' dir='ltr'><strong>vere</strong></span> <span class='ocrx_word' id='word_1_471' title='bbox 567 2253 614 2278; x_wconf 89' lang='lat' dir='ltr'><strong>est</strong></span> <span class='ocrx_word' id='word_1_472' title='bbox 625 2248 736 2287; x_wconf 71' lang='lat' dir='ltr'><strong>Lysiae,</strong></span> <span class='ocrx_word' id='word_1_473' title='bbox 750 2248 820 2278; x_wconf 84' lang='lat' dir='ltr'><strong>vide</strong></span> 
     </span>
     <span class='ocr_line' id='line_1_75' title="bbox 122 2288 696 2329; baseline 0.005 -10"><span class='ocrx_word' id='word_1_474' title='bbox 122 2299 158 2319; x_wconf 82' lang='lat' dir='ltr'><strong>au</strong></span> <span class='ocrx_word' id='word_1_475' title='bbox 174 2289 213 2318; x_wconf 86' lang='lat' dir='ltr'><strong>sit</strong></span> <span class='ocrx_word' id='word_1_476' title='bbox 228 2290 379 2329; x_wconf 86' lang='lat' dir='ltr'><strong>epilogus.</strong></span> <span class='ocrx_word' id='word_1_477' title='bbox 693 2288 696 2289; x_wconf 38' lang='lat'><em>⁷</em></span> 
     </span>
    </p>

    <p class='ocr_par' dir='ltr' id='par_1_25' title="bbox 121 2331 824 2617">
     <span class='ocr_line' id='line_1_76' title="bbox 164 2331 823 2371; baseline 0.002 -10"><span class='ocrx_word' id='word_1_478' title='bbox 164 2331 202 2360; x_wconf 87' lang='lat' dir='ltr'><strong>P.</strong></span> <span class='ocrx_word' id='word_1_479' title='bbox 216 2335 288 2368; x_wconf 87' lang='lat'><strong>100,</strong></span> <span class='ocrx_word' id='word_1_480' title='bbox 303 2335 354 2362; x_wconf 84' lang='lat'><strong>41.</strong></span> <span class='ocrx_word' id='word_1_481' title='bbox 376 2333 473 2362; x_wconf 82' lang='lat' dir='ltr'><strong>Recte</strong></span> <span class='ocrx_word' id='word_1_482' title='bbox 488 2333 646 2371; x_wconf 80' lang='lat' dir='ltr'><strong>Taylorus‚</strong></span> <span class='ocrx_word' id='word_1_483' title='bbox 669 2332 769 2364; x_wconf 68' lang='grc' dir='ltr'>ἔλαβεν</span> <span class='ocrx_word' id='word_1_484' title='bbox 780 2350 823 2355; x_wconf 90' lang='lat'>—</span> 
     </span>
     <span class='ocr_line' id='line_1_77' title="bbox 121 2372 822 2411; baseline 0.001 -8"><span class='ocrx_word' id='word_1_485' title='bbox 121 2372 258 2410; x_wconf 79' lang='grc' dir='ltr'>ἀπέδωκε,</span> <span class='ocrx_word' id='word_1_486' title='bbox 271 2380 303 2405; x_wconf 79' lang='lat' dir='ltr'><strong>ut</strong></span> <span class='ocrx_word' id='word_1_487' title='bbox 319 2386 389 2404; x_wconf 86' lang='lat' dir='ltr'><strong>mox</strong></span> <span class='ocrx_word' id='word_1_488' title='bbox 404 2378 477 2411; x_wconf 84' lang='lat'><strong>101,</strong></span> <span class='ocrx_word' id='word_1_489' title='bbox 489 2378 515 2405; x_wconf 94' lang='lat'><strong>1.</strong></span> <span class='ocrx_word' id='word_1_490' title='bbox 529 2375 667 2406; x_wconf 78' lang='grc' dir='ltr'>ἀπέδωκεν</span> <span class='ocrx_word' id='word_1_491' title='bbox 678 2375 697 2404; x_wconf 75' lang='grc' dir='ltr'>ἃ</span> <span class='ocrx_word' id='word_1_492' title='bbox 711 2374 822 2408; x_wconf 72' lang='grc' dir='ltr'>ἔλαβεν.</span> 
     </span>
     <span class='ocr_line' id='line_1_78' title="bbox 121 2416 823 2457; baseline 0.001 -11"><span class='ocrx_word' id='word_1_493' title='bbox 121 2416 184 2446; x_wconf 86' lang='lat' dir='ltr'><strong>Sed</strong></span> <span class='ocrx_word' id='word_1_494' title='bbox 201 2427 258 2446; x_wconf 88' lang='lat' dir='ltr'><strong>nou</strong></span> <span class='ocrx_word' id='word_1_495' title='bbox 281 2418 403 2447; x_wconf 84' lang='lat' dir='ltr'><strong>videtur</strong></span> <span class='ocrx_word' id='word_1_496' title='bbox 418 2423 536 2457; x_wconf 86' lang='lat' dir='ltr'><strong>pactum</strong></span> <span class='ocrx_word' id='word_1_497' title='bbox 561 2418 666 2454; x_wconf 81' lang='lat' dir='ltr'><strong>fuisse,</strong></span> <span class='ocrx_word' id='word_1_498' title='bbox 687 2423 719 2447; x_wconf 82' lang='lat' dir='ltr'><strong>ut</strong></span> <span class='ocrx_word' id='word_1_499' title='bbox 742 2428 823 2447; x_wconf 83' lang='lat' dir='ltr'><strong>com-</strong></span> 
     </span>
     <span class='ocr_line' id='line_1_79' title="bbox 121 2459 822 2495; baseline 0.001 -7"><span class='ocrx_word' id='word_1_500' title='bbox 121 2459 219 2489; x_wconf 84' lang='lat' dir='ltr'><strong>munis</strong></span> <span class='ocrx_word' id='word_1_501' title='bbox 235 2461 362 2490; x_wconf 90' lang='lat' dir='ltr'><strong>duorum</strong></span> <span class='ocrx_word' id='word_1_502' title='bbox 379 2465 461 2490; x_wconf 88' lang='lat' dir='ltr'><strong>esset</strong></span> <span class='ocrx_word' id='word_1_503' title='bbox 477 2470 575 2495; x_wconf 80' lang='lat' dir='ltr'><strong>serva,</strong></span> <span class='ocrx_word' id='word_1_504' title='bbox 591 2465 658 2490; x_wconf 83' lang='lat' dir='ltr'><strong>ante</strong></span> <span class='ocrx_word' id='word_1_505' title='bbox 680 2461 728 2490; x_wconf 66' lang='grc' dir='ltr'><strong>τὴν</strong></span> <span class='ocrx_word' id='word_1_506' title='bbox 746 2460 822 2490; x_wconf 73' lang='grc' dir='ltr'>ἀντί-</span> 
     </span>
     <span class='ocr_line' id='line_1_80' title="bbox 123 2501 822 2544; baseline 0.006 -15"><span class='ocrx_word' id='word_1_507' title='bbox 123 2501 204 2531; x_wconf 77' lang='grc' dir='ltr'>δοσιν.</span> <span class='ocrx_word' id='word_1_508' title='bbox 241 2504 331 2544; x_wconf 86' lang='lat' dir='ltr'><strong>Mox,</strong></span> <span class='ocrx_word' id='word_1_509' title='bbox 359 2502 504 2543; x_wconf 65' lang='grc' dir='ltr'>αςνεῖσ-θαι</span> <span class='ocrx_word' id='word_1_510' title='bbox 532 2508 590 2532; x_wconf 83' lang='lat' dir='ltr'><strong>etc.</strong></span> <span class='ocrx_word' id='word_1_511' title='bbox 620 2507 718 2538; x_wconf 85' lang='lat' dir='ltr'><strong>verte,</strong></span> <span class='ocrx_word' id='word_1_512' title='bbox 744 2514 822 2533; x_wconf 74' lang='lat' dir='ltr'><strong>nunc</strong></span> 
     </span>
     <span class='ocr_line' id='line_1_81' title="bbox 121 2543 824 2584; baseline 0.004 -11"><span class='ocrx_word' id='word_1_513' title='bbox 121 2543 248 2584; x_wconf 81' lang='lat' dir='ltr'><strong>infitiari</strong></span> <span class='ocrx_word' id='word_1_514' title='bbox 276 2554 303 2574; x_wconf 84' lang='lat' dir='ltr'><strong>se</strong></span> <span class='ocrx_word' id='word_1_515' title='bbox 322 2551 393 2575; x_wconf 82' lang='lat' dir='ltr'><strong>tunc</strong></span> <span class='ocrx_word' id='word_1_516' title='bbox 415 2547 585 2581; x_wconf 82' lang='lat' dir='ltr'><strong>concessisse,</strong></span> <span class='ocrx_word' id='word_1_517' title='bbox 613 2551 646 2576; x_wconf 80' lang='lat' dir='ltr'><strong>ut</strong></span> <span class='ocrx_word' id='word_1_518' title='bbox 669 2548 824 2576; x_wconf 79' lang='lat' dir='ltr'><strong>communis</strong></span> 
     </span>
     <span class='ocr_line' id='line_1_82' title="bbox 123 2586 457 2619; baseline 0.006 -4"><span class='ocrx_word' id='word_1_519' title='bbox 123 2586 271 2616; x_wconf 81' lang='lat' dir='ltr'><strong>amborum</strong></span> <span class='ocrx_word' id='word_1_520' title='bbox 285 2594 352 2617; x_wconf 81' lang='lat' dir='ltr'><strong>esset</strong></span> <span class='ocrx_word' id='word_1_521' title='bbox 368 2597 410 2617; x_wconf 82' lang='lat' dir='ltr'><strong>ser</strong></span> <span class='ocrx_word' id='word_1_522' title='bbox 412 2598 457 2619; x_wconf 86' lang='lat' dir='ltr'><strong>va.</strong></span> 
     </span>
    </p>

    <p class='ocr_par' dir='ltr' id='par_1_26' title="bbox 123 2629 823 2784">
     <span class='ocr_line' id='line_1_83' title="bbox 165 2629 823 2670; baseline 0.003 -13"><span class='ocrx_word' id='word_1_523' title='bbox 165 2631 240 2664; x_wconf 85' lang='lat'><strong>101,</strong></span> <span class='ocrx_word' id='word_1_524' title='bbox 265 2631 296 2660; x_wconf 83' lang='grc'><strong>3.</strong></span> <span class='ocrx_word' id='word_1_525' title='bbox 329 2631 488 2670; x_wconf 77' lang='grc' dir='ltr'>ἀπολαχεῖν</span> <span class='ocrx_word' id='word_1_526' title='bbox 513 2629 679 2660; x_wconf 80' lang='lat' dir='ltr'><strong>certissime</strong></span> <span class='ocrx_word' id='word_1_527' title='bbox 711 2635 768 2665; x_wconf 86' lang='lat' dir='ltr'><strong>est,</strong></span> <span class='ocrx_word' id='word_1_528' title='bbox 793 2630 823 2659; x_wconf 87' lang='lat' dir='ltr'><strong>in</strong></span> 
     </span>
     <span class='ocr_line' id='line_1_84' title="bbox 123 2671 824 2711; baseline 0.004 -12"><span class='ocrx_word' id='word_1_529' title='bbox 123 2671 282 2701; x_wconf 82' lang='lat' dir='ltr'><strong>sortitione</strong></span> <span class='ocrx_word' id='word_1_530' title='bbox 306 2672 431 2708; x_wconf 76' lang='lat' dir='ltr'><strong>excludi,</strong></span> <span class='ocrx_word' id='word_1_531' title='bbox 447 2677 480 2702; x_wconf 85' lang='lat' dir='ltr'><strong>ut</strong></span> <span class='ocrx_word' id='word_1_532' title='bbox 491 2674 654 2711; x_wconf 78' lang='lat' dir='ltr'><strong>Taylorus.</strong></span> <span class='ocrx_word' id='word_1_533' title='bbox 685 2671 735 2702; x_wconf 89' lang='lat' dir='ltr'><strong>Sic</strong></span> <span class='ocrx_word' id='word_1_534' title='bbox 754 2673 824 2702; x_wconf 73' lang='grc' dir='ltr'><strong>ἀπο·</strong></span> 
     </span>
     <span class='ocr_line' id='line_1_85' title="bbox 124 2711 823 2764; baseline 0.003 -22"><span class='ocrx_word' id='word_1_535' title='bbox 124 2711 227 2764; x_wconf 65' lang='grc' dir='ltr'><strong>ψηφιζ.</strong></span> <span class='ocrx_word' id='word_1_536' title='bbox 253 2714 333 2744; x_wconf 87' lang='lat' dir='ltr'><strong>Vide</strong></span> <span class='ocrx_word' id='word_1_537' title='bbox 362 2716 459 2755; x_wconf 88' lang='lat' dir='ltr'><strong>Harp.</strong></span> <span class='ocrx_word' id='word_1_538' title='bbox 487 2716 656 2756; x_wconf 77' lang='grc' dir='ltr'>ἀπολαχεῖν,</span> <span class='ocrx_word' id='word_1_539' title='bbox 679 2715 769 2745; x_wconf 87' lang='lat' dir='ltr'><strong>Phot.</strong></span> <span class='ocrx_word' id='word_1_540' title='bbox 795 2726 823 2745; x_wconf 86' lang='lat' dir='ltr'><strong>v.</strong></span> 
     </span>
     <span class='ocr_line' id='line_1_86' title="bbox 127 2766 210 2785; baseline -0.014 -1"><span class='ocrx_word' id='word_1_541' title='bbox 127 2766 210 2785; x_wconf 73' lang='grc' dir='ltr'>ιιι-σα.</span> 
     </span>
    </p>

    <p class='ocr_par' dir='ltr' id='par_1_27' title="bbox 124 2799 819 2884">
     <span class='ocr_line' id='line_1_87' title="bbox 181 2799 819 2842; baseline 0.003 -15"><span class='ocrx_word' id='word_1_542' title='bbox 181 2799 324 2833; x_wconf 87' lang='lat'><strong>101,15.</strong></span> <span class='ocrx_word' id='word_1_543' title='bbox 361 2799 389 2829; x_wconf 81' lang='grc' dir='ltr'><strong>οὗ</strong></span> <span class='ocrx_word' id='word_1_544' title='bbox 418 2801 471 2839; x_wconf 75' lang='grc' dir='ltr'><strong>γὰς</strong></span> <span class='ocrx_word' id='word_1_545' title='bbox 493 2799 739 2842; x_wconf 77' lang='grc' dir='ltr'>αν-εὑρήσ-ομεν</span> <span class='ocrx_word' id='word_1_546' title='bbox 765 2799 819 2840; x_wconf 81' lang='grc' dir='ltr'><strong>ὅτῳ</strong></span> 
     </span>
     <span class='ocr_line' id='line_1_88' title="bbox 124 2838 546 2884; baseline 0.009 -15"><span class='ocrx_word' id='word_1_547' title='bbox 124 2838 248 2872; x_wconf 59' lang='lat' dir='ltr'><strong>calavena.</strong></span> <span class='ocrx_word' id='word_1_548' title='bbox 263 2840 359 2882; x_wconf 74' lang='grc' dir='ltr'><strong>(ὅσ-τρ.</strong></span> <span class='ocrx_word' id='word_1_549' title='bbox 375 2852 392 2872; x_wconf 93' lang='lat' dir='ltr'><strong>e</strong></span> <span class='ocrx_word' id='word_1_550' title='bbox 415 2842 546 2884; x_wconf 86' lang='lat' dir='ltr'><strong>glossa.)</strong></span> 
     </span>
    </p>
   </div>
   <div class='ocr_carea' id='block_1_9' title="bbox 849 1950 1551 2201">
    <p class='ocr_par' dir='ltr' id='par_1_28' title="bbox 849 1950 1551 2201">
     <span class='ocr_line' id='line_1_89' title="bbox 893 1950 1549 1990; baseline -0.002 -10"><span class='ocrx_word' id='word_1_551' title='bbox 893 1953 966 1985; x_wconf 86' lang='lat'><strong>101,</strong></span> <span class='ocrx_word' id='word_1_552' title='bbox 982 1953 1034 1982; x_wconf 85' lang='lat'><strong>39.</strong></span> <span class='ocrx_word' id='word_1_553' title='bbox 1055 1950 1274 1990; x_wconf 81' lang='lat' dir='ltr'><strong>Argumentum</strong></span> <span class='ocrx_word' id='word_1_554' title='bbox 1295 1950 1549 1980; x_wconf 78' lang='lat' dir='ltr'><strong>obscurissimum.</strong></span> 
     </span>
     <span class='ocr_line' id='line_1_90' title="bbox 851 1993 1551 2030; baseline 0 -7"><span class='ocrx_word' id='word_1_555' title='bbox 851 1993 921 2022; x_wconf 77' lang='lat' dir='ltr'><strong>Hoc</strong></span> <span class='ocrx_word' id='word_1_556' title='bbox 947 1993 1048 2030; x_wconf 89' lang='lat' dir='ltr'><strong>video,</strong></span> <span class='ocrx_word' id='word_1_557' title='bbox 1076 1993 1193 2023; x_wconf 86' lang='lat' dir='ltr'><strong>Reiskii</strong></span> <span class='ocrx_word' id='word_1_558' title='bbox 1210 1994 1374 2023; x_wconf 85' lang='lat' dir='ltr'><strong>versionem</strong></span> <span class='ocrx_word' id='word_1_559' title='bbox 1394 2004 1410 2023; x_wconf 92' lang='lat' dir='ltr'><strong>a</strong></span> <span class='ocrx_word' id='word_1_560' title='bbox 1428 1995 1551 2023; x_wconf 79' lang='lat' dir='ltr'><strong>Graeoo-</strong></span> 
     </span>
     <span class='ocr_line' id='line_1_91' title="bbox 851 2037 1549 2075; baseline 0.001 -11"><span class='ocrx_word' id='word_1_561' title='bbox 851 2046 914 2065; x_wconf 87' lang='lat' dir='ltr'><strong>rum</strong></span> <span class='ocrx_word' id='word_1_562' title='bbox 943 2046 1032 2066; x_wconf 86' lang='lat' dir='ltr'><strong>sensu</strong></span> <span class='ocrx_word' id='word_1_563' title='bbox 1061 2037 1245 2075; x_wconf 80' lang='lat' dir='ltr'><strong>discrepare.</strong></span> <span class='ocrx_word' id='word_1_564' title='bbox 1280 2037 1449 2075; x_wconf 87' lang='lat' dir='ltr'><strong>Aliquando</strong></span> <span class='ocrx_word' id='word_1_565' title='bbox 1466 2042 1549 2075; x_wconf 87' lang='lat' dir='ltr'><strong>puta-</strong></span> 
     </span>
     <span class='ocr_line' id='line_1_92' title="bbox 851 2077 1551 2119; baseline 0.001 -12"><span class='ocrx_word' id='word_1_566' title='bbox 851 2079 929 2114; x_wconf 87' lang='lat' dir='ltr'><strong>bam,</strong></span> <span class='ocrx_word' id='word_1_567' title='bbox 946 2079 1105 2108; x_wconf 83' lang='lat' dir='ltr'><strong>delendum</strong></span> <span class='ocrx_word' id='word_1_568' title='bbox 1123 2078 1228 2118; x_wconf 68' lang='grc' dir='ltr'>πξοθείη</span> <span class='ocrx_word' id='word_1_569' title='bbox 1243 2079 1307 2119; x_wconf 88' lang='lat' dir='ltr'><strong>(vel</strong></span> <span class='ocrx_word' id='word_1_570' title='bbox 1324 2077 1461 2119; x_wconf 77' lang='grc' dir='ltr'>πραθείη).</span> <span class='ocrx_word' id='word_1_571' title='bbox 1480 2079 1551 2108; x_wconf 82' lang='lat' dir='ltr'><strong>Hoc</strong></span> 
     </span>
     <span class='ocr_line' id='line_1_93' title="bbox 852 2121 1551 2161; baseline 0.001 -12"><span class='ocrx_word' id='word_1_572' title='bbox 852 2121 913 2150; x_wconf 83' lang='lat' dir='ltr'><strong>fere</strong></span> <span class='ocrx_word' id='word_1_573' title='bbox 927 2121 1017 2151; x_wconf 81' lang='lat' dir='ltr'><strong>dicit:</strong></span> <span class='ocrx_word' id='word_1_574' title='bbox 1044 2121 1111 2151; x_wconf 78' lang='lat' dir='ltr'><strong>Nan</strong></span> <span class='ocrx_word' id='word_1_575' title='bbox 1126 2123 1221 2151; x_wconf 80' lang='lat' dir='ltr'><strong>minus</strong></span> <span class='ocrx_word' id='word_1_576' title='bbox 1241 2122 1320 2151; x_wconf 75' lang='lat' dir='ltr'><strong>illum</strong></span> <span class='ocrx_word' id='word_1_577' title='bbox 1339 2123 1405 2156; x_wconf 81' lang='lat' dir='ltr'><strong>emi,</strong></span> <span class='ocrx_word' id='word_1_578' title='bbox 1422 2131 1508 2161; x_wconf 80' lang='lat' dir='ltr'><strong>quam</strong></span> <span class='ocrx_word' id='word_1_579' title='bbox 1527 2122 1551 2150; x_wconf 78' lang='lat' dir='ltr'><strong>si</strong></span> 
     </span>
     <span class='ocr_line' id='line_1_94' title="bbox 849 2163 1551 2201; baseline 0.001 -9"><span class='ocrx_word' id='word_1_580' title='bbox 849 2164 941 2201; x_wconf 80' lang='lat' dir='ltr'><strong>pretio</strong></span> <span class='ocrx_word' id='word_1_581' title='bbox 966 2175 1029 2194; x_wconf 86' lang='lat' dir='ltr'><strong>eam</strong></span> <span class='ocrx_word' id='word_1_582' title='bbox 1051 2165 1086 2194; x_wconf 79' lang='lat' dir='ltr'><strong>ab</strong></span> <span class='ocrx_word' id='word_1_583' title='bbox 1109 2164 1231 2194; x_wconf 77' lang='lat' dir='ltr'><strong>hostibus</strong></span> <span class='ocrx_word' id='word_1_584' title='bbox 1256 2165 1439 2194; x_wconf 71' lang='lat' dir='ltr'><strong>redemissent.</strong></span> <span class='ocrx_word' id='word_1_585' title='bbox 1469 2163 1499 2193; x_wconf 77' lang='lat' dir='ltr'><strong>Si</strong></span> <span class='ocrx_word' id='word_1_586' title='bbox 1521 2165 1551 2193; x_wconf 81' lang='lat' dir='ltr'><strong>id</strong></span> 
     </span>
    </p>
   </div>
   <div class='ocr_carea' id='block_1_10' title="bbox 842 2204 1552 2246">
    <p class='ocr_par' dir='ltr' id='par_1_29' title="bbox 842 2204 1552 2246">
     <span class='ocr_line' id='line_1_95' title="bbox 842 2204 1552 2246; baseline 0 -11"><span class='ocrx_word' id='word_1_587' title='bbox 842 2204 987 2246; x_wconf 80' lang='lat' dir='ltr'><strong>fecissem,</strong></span> <span class='ocrx_word' id='word_1_588' title='bbox 1011 2217 1069 2236; x_wconf 79' lang='lat' dir='ltr'><strong>non</strong></span> <span class='ocrx_word' id='word_1_589' title='bbox 1097 2208 1178 2236; x_wconf 76' lang='lat' dir='ltr'><strong>modo</strong></span> <span class='ocrx_word' id='word_1_590' title='bbox 1198 2207 1359 2246; x_wconf 76' lang='lat' dir='ltr'><strong>torquendi,</strong></span> <span class='ocrx_word' id='word_1_591' title='bbox 1381 2207 1428 2236; x_wconf 76' lang='lat' dir='ltr'><strong>sed</strong></span> <span class='ocrx_word' id='word_1_592' title='bbox 1457 2207 1552 2245; x_wconf 76' lang='lat' dir='ltr'><strong>quovis</strong></span> 
     </span>
    </p>
   </div>
   <div class='ocr_carea' id='block_1_11' title="bbox 853 2249 1554 2885">
    <p class='ocr_par' dir='ltr' id='par_1_30' title="bbox 853 2249 1551 2407">
     <span class='ocr_line' id='line_1_96' title="bbox 853 2249 1551 2288; baseline 0 -11"><span class='ocrx_word' id='word_1_593' title='bbox 853 2250 932 2278; x_wconf 82' lang='lat' dir='ltr'><strong>modo</strong></span> <span class='ocrx_word' id='word_1_594' title='bbox 946 2260 979 2279; x_wconf 88' lang='lat' dir='ltr'><strong>ea</strong></span> <span class='ocrx_word' id='word_1_595' title='bbox 993 2249 1130 2285; x_wconf 74' lang='lat' dir='ltr'><strong>abutendi</strong></span> <span class='ocrx_word' id='word_1_596' title='bbox 1143 2251 1197 2288; x_wconf 80' lang='lat' dir='ltr'><strong>jus</strong></span> <span class='ocrx_word' id='word_1_597' title='bbox 1212 2249 1338 2279; x_wconf 78' lang='lat' dir='ltr'><strong>haberem</strong></span> <span class='ocrx_word' id='word_1_598' title='bbox 1349 2260 1359 2285; x_wconf 86' lang='grc'><strong>,-</strong></span> <span class='ocrx_word' id='word_1_599' title='bbox 1382 2255 1469 2288; x_wconf 78' lang='lat' dir='ltr'><strong>atque</strong></span> <span class='ocrx_word' id='word_1_600' title='bbox 1483 2249 1551 2278; x_wconf 81' lang='lat' dir='ltr'><strong>adeo</strong></span> 
     </span>
     <span class='ocr_line' id='line_1_97' title="bbox 855 2291 1551 2330; baseline 0 -10"><span class='ocrx_word' id='word_1_601' title='bbox 855 2292 886 2320; x_wconf 79' lang='lat' dir='ltr'><strong>in</strong></span> <span class='ocrx_word' id='word_1_602' title='bbox 901 2293 1064 2322; x_wconf 78' lang='lat' dir='ltr'><strong>servitutem</strong></span> <span class='ocrx_word' id='word_1_603' title='bbox 1079 2293 1236 2322; x_wconf 80' lang='lat' dir='ltr'><strong>amandare</strong></span> <span class='ocrx_word' id='word_1_604' title='bbox 1250 2302 1360 2330; x_wconf 82' lang='lat' dir='ltr'><strong>possem.</strong></span> <span class='ocrx_word' id='word_1_605' title='bbox 1388 2291 1473 2320; x_wconf 78' lang='lat' dir='ltr'><strong>Num:</strong></span> <span class='ocrx_word' id='word_1_606' title='bbox 1498 2291 1551 2320; x_wconf 81' lang='lat' dir='ltr'><strong>illa</strong></span> 
     </span>
     <span class='ocr_line' id='line_1_98' title="bbox 854 2334 1551 2374; baseline 0.001 -12"><span class='ocrx_word' id='word_1_607' title='bbox 854 2335 941 2363; x_wconf 81' lang='lat' dir='ltr'><strong>mein</strong></span> <span class='ocrx_word' id='word_1_608' title='bbox 957 2335 1066 2364; x_wconf 80' lang='lat' dir='ltr'><strong>malum</strong></span> <span class='ocrx_word' id='word_1_609' title='bbox 1089 2336 1149 2373; x_wconf 77' lang='lat' dir='ltr'><strong>ipsa</strong></span> <span class='ocrx_word' id='word_1_610' title='bbox 1163 2336 1297 2364; x_wconf 80' lang='lat' dir='ltr'><strong>servitute</strong></span> <span class='ocrx_word' id='word_1_611' title='bbox 1310 2335 1431 2374; x_wconf 81' lang='lat' dir='ltr'><strong>gravius</strong></span> <span class='ocrx_word' id='word_1_612' title='bbox 1445 2339 1484 2363; x_wconf 81' lang='lat' dir='ltr'><strong>est</strong></span> <span class='ocrx_word' id='word_1_613' title='bbox 1499 2334 1551 2363; x_wconf 82' lang='lat' dir='ltr'><strong>da-</strong></span> 
     </span>
     <span class='ocr_line' id='line_1_99' title="bbox 855 2382 1018 2407; baseline 0.006 -1"><span class='ocrx_word' id='word_1_614' title='bbox 855 2382 923 2406; x_wconf 85' lang='lat' dir='ltr'><strong>tura</strong></span> <span class='ocrx_word' id='word_1_615' title='bbox 936 2388 945 2405; x_wconf 86' lang='grc'><strong>.-</strong></span> <span class='ocrx_word' id='word_1_616' title='bbox 964 2383 1018 2407; x_wconf 79' lang='lat' dir='ltr'><strong>etc.</strong></span> 
     </span>
    </p>

    <p class='ocr_par' dir='ltr' id='par_1_31' title="bbox 857 2418 1552 2494">
     <span class='ocr_line' id='line_1_100' title="bbox 898 2418 1552 2454; baseline -0.002 -6"><span class='ocrx_word' id='word_1_617' title='bbox 898 2421 970 2454; x_wconf 91' lang='grc'><strong>102,</strong></span> <span class='ocrx_word' id='word_1_618' title='bbox 985 2422 1014 2450; x_wconf 89' lang='grc'><strong>9.</strong></span> <span class='ocrx_word' id='word_1_619' title='bbox 1054 2419 1085 2449; x_wconf 64' lang='lat' dir='ltr'><strong>av</strong></span> <span class='ocrx_word' id='word_1_620' title='bbox 1114 2418 1189 2450; x_wconf 79' lang='grc' dir='ltr'>εἰδείη</span> <span class='ocrx_word' id='word_1_621' title='bbox 1206 2437 1245 2442; x_wconf 92' lang='lat'><strong>·--</strong></span> <span class='ocrx_word' id='word_1_622' title='bbox 1272 2419 1385 2452; x_wconf 77' lang='grc' dir='ltr'>εἰκότως</span> <span class='ocrx_word' id='word_1_623' title='bbox 1414 2418 1456 2448; x_wconf 74' lang='grc' dir='ltr'><strong>ἂν.</strong></span> <span class='ocrx_word' id='word_1_624' title='bbox 1493 2419 1552 2452; x_wconf 83' lang='lat' dir='ltr'><strong>Au,</strong></span> 
     </span>
     <span class='ocr_line' id='line_1_101' title="bbox 857 2462 1530 2494; baseline 0 -4"><span class='ocrx_word' id='word_1_625' title='bbox 857 2468 1058 2494; x_wconf 72' lang='grc' dir='ltr'>ΑΓΑΠΗΤΩΟ</span> <span class='ocrx_word' id='word_1_626' title='bbox 1076 2462 1142 2492; x_wconf 79' lang='lat' dir='ltr'><strong>AN?</strong></span> <span class='ocrx_word' id='word_1_627' title='bbox 1168 2463 1294 2492; x_wconf 87' lang='lat' dir='ltr'><strong>Porson.</strong></span> <span class='ocrx_word' id='word_1_628' title='bbox 1308 2463 1345 2491; x_wconf 90' lang='lat' dir='ltr'><strong>ad</strong></span> <span class='ocrx_word' id='word_1_629' title='bbox 1366 2462 1444 2491; x_wconf 87' lang='lat' dir='ltr'><strong>Nub.</strong></span> <span class='ocrx_word' id='word_1_630' title='bbox 1458 2463 1530 2491; x_wconf 84' lang='grc'><strong>967.</strong></span> 
     </span>
    </p>

    <p class='ocr_par' dir='ltr' id='par_1_32' title="bbox 854 2502 1551 2587">
     <span class='ocr_line' id='line_1_102' title="bbox 898 2502 1551 2545; baseline -0.002 -11"><span class='ocrx_word' id='word_1_631' title='bbox 898 2507 1034 2539; x_wconf 82' lang='grc'><strong>102,14.</strong></span> <span class='ocrx_word' id='word_1_632' title='bbox 1054 2502 1261 2535; x_wconf 86' lang='lat' dir='ltr'><strong>Andicitur</strong></span> <span class='ocrx_word' id='word_1_633' title='bbox 1247 2507 1330 2534; x_wconf 77' lang='grc' dir='ltr'>ἧσσον</span> <span class='ocrx_word' id='word_1_634' title='bbox 1346 2504 1490 2545; x_wconf 82' lang='lat' dir='ltr'><strong>(debebat</strong></span> <span class='ocrx_word' id='word_1_635' title='bbox 1512 2504 1551 2533; x_wconf 86' lang='lat' dir='ltr'><strong>R.</strong></span> 
     </span>
     <span class='ocr_line' id='line_1_103' title="bbox 854 2544 1277 2587; baseline 0 -11"><span class='ocrx_word' id='word_1_636' title='bbox 854 2544 979 2586; x_wconf 81' lang='grc' dir='ltr'>ηττον)”</span> <span class='ocrx_word' id='word_1_637' title='bbox 968 2558 1042 2587; x_wconf 85' lang='grc' dir='ltr'>εχειν</span> <span class='ocrx_word' id='word_1_638' title='bbox 1055 2558 1109 2586; x_wconf 91' lang='lat' dir='ltr'><strong>pro</strong></span> <span class='ocrx_word' id='word_1_639' title='bbox 1121 2547 1241 2578; x_wconf 89' lang='grc' dir='ltr'>’έλαττον</span> <span class='ocrx_word' id='word_1_640' title='bbox 1255 2546 1277 2577; x_wconf 80' lang='grc' dir='ltr'><strong>ἕ.</strong></span> 
     </span>
    </p>

    <p class='ocr_par' dir='ltr' id='par_1_33' title="bbox 898 2590 1231 2630">
     <span class='ocr_line' id='line_1_104' title="bbox 898 2590 1231 2630; baseline 0 -12"><span class='ocrx_word' id='word_1_641' title='bbox 898 2592 972 2625; x_wconf 89' lang='grc'><strong>102,</strong></span> <span class='ocrx_word' id='word_1_642' title='bbox 988 2592 1038 2619; x_wconf 88' lang='grc'><strong>21.</strong></span> <span class='ocrx_word' id='word_1_643' title='bbox 1061 2590 1231 2630; x_wconf 61' lang='grc' dir='ltr'>πςουνοήθην.</span> 
     </span>
    </p>

    <p class='ocr_par' dir='ltr' id='par_1_34' title="bbox 853 2627 1554 2885">
     <span class='ocr_line' id='line_1_105' title="bbox 899 2627 1552 2671; baseline -0.005 -10"><span class='ocrx_word' id='word_1_644' title='bbox 899 2635 970 2666; x_wconf 84' lang='grc'><strong>102,</strong></span> <span class='ocrx_word' id='word_1_645' title='bbox 986 2633 1037 2663; x_wconf 88' lang='grc'><strong>25.</strong></span> <span class='ocrx_word' id='word_1_646' title='bbox 1060 2633 1142 2669; x_wconf 90' lang='lat' dir='ltr'><strong>Quid</strong></span> <span class='ocrx_word' id='word_1_647' title='bbox 1164 2643 1218 2671; x_wconf 92' lang='lat' dir='ltr'><strong>pro</strong></span> <span class='ocrx_word' id='word_1_648' title='bbox 1234 2631 1418 2671; x_wconf 73' lang='lat' dir='ltr'><strong>portentosis</strong></span> <span class='ocrx_word' id='word_1_649' title='bbox 1434 2629 1505 2668; x_wconf 73' lang='grc' dir='ltr'><strong>λόγῳ</strong></span> <span class='ocrx_word' id='word_1_650' title='bbox 1520 2627 1552 2658; x_wconf 78' lang='grc' dir='ltr'>τδ</span> 
     </span>
     <span class='ocr_line' id='line_1_106' title="bbox 856 2673 1550 2728; baseline -0.004 -25"><span class='ocrx_word' id='word_1_651' title='bbox 856 2676 910 2703; x_wconf 80' lang='grc' dir='ltr'><strong>τῶν</strong></span> <span class='ocrx_word' id='word_1_652' title='bbox 935 2674 1045 2704; x_wconf 77' lang='grc' dir='ltr'>πάντων</span> <span class='ocrx_word' id='word_1_653' title='bbox 1077 2676 1117 2705; x_wconf 79' lang='lat' dir='ltr'><strong>sit</strong></span> <span class='ocrx_word' id='word_1_654' title='bbox 1139 2675 1344 2728; x_wconf 72' lang='lat' dir='ltr'><strong>reppnendum</strong></span> <span class='ocrx_word' id='word_1_655' title='bbox 1366 2683 1422 2702; x_wconf 91' lang='lat' dir='ltr'><strong>non</strong></span> <span class='ocrx_word' id='word_1_656' title='bbox 1451 2673 1550 2701; x_wconf 82' lang='lat' dir='ltr'><strong>video.</strong></span> 
     </span>
     <span class='ocr_line' id='line_1_107' title="bbox 857 2713 1551 2753; baseline -0.003 -9"><span class='ocrx_word' id='word_1_657' title='bbox 857 2717 968 2747; x_wconf 88' lang='lat' dir='ltr'><strong>Sensus</strong></span> <span class='ocrx_word' id='word_1_658' title='bbox 983 2718 1115 2753; x_wconf 82' lang='lat' dir='ltr'><strong>videtur,</strong></span> <span class='ocrx_word' id='word_1_659' title='bbox 1134 2717 1201 2746; x_wconf 81' lang='grc' dir='ltr'>ἀλλ’</span> <span class='ocrx_word' id='word_1_660' title='bbox 1215 2716 1336 2750; x_wconf 69' lang='grc' dir='ltr'><strong>ἂὲῶος</strong></span> <span class='ocrx_word' id='word_1_661' title='bbox 1322 2725 1355 2745; x_wconf 83' lang='grc' dir='ltr'><strong>ων</strong></span> <span class='ocrx_word' id='word_1_662' title='bbox 1369 2715 1472 2745; x_wconf 78' lang='grc' dir='ltr'>τούτων</span> <span class='ocrx_word' id='word_1_663' title='bbox 1482 2713 1551 2744; x_wconf 80' lang='grc' dir='ltr'>πάν-</span> 
     </span>
     <span class='ocr_line' id='line_1_108' title="bbox 856 2757 1551 2800; baseline -0.004 -13"><span class='ocrx_word' id='word_1_664' title='bbox 856 2769 912 2788; x_wconf 79' lang='grc' dir='ltr'><strong>των</strong></span> <span class='ocrx_word' id='word_1_665' title='bbox 935 2763 993 2789; x_wconf 77' lang='lat' dir='ltr'><strong>eto.</strong></span> <span class='ocrx_word' id='word_1_666' title='bbox 1013 2760 1100 2790; x_wconf 82' lang='lat' dir='ltr'><strong>bonus</strong></span> <span class='ocrx_word' id='word_1_667' title='bbox 1118 2761 1185 2790; x_wconf 82' lang='lat' dir='ltr'><strong>civis</strong></span> <span class='ocrx_word' id='word_1_668' title='bbox 1195 2759 1253 2800; x_wconf 74' lang='lat' dir='ltr'><strong>fui</strong></span> <span class='ocrx_word' id='word_1_669' title='bbox 1270 2758 1382 2798; x_wconf 77' lang='lat' dir='ltr'><strong>publice</strong></span> <span class='ocrx_word' id='word_1_670' title='bbox 1406 2763 1431 2786; x_wconf 78' lang='lat' dir='ltr'><strong>et</strong></span> <span class='ocrx_word' id='word_1_671' title='bbox 1453 2757 1551 2794; x_wconf 83' lang='lat' dir='ltr'><strong>priva-</strong></span> 
     </span>
     <span class='ocr_line' id='line_1_109' title="bbox 853 2799 1554 2851; baseline -0.003 -21"><span class='ocrx_word' id='word_1_672' title='bbox 853 2802 924 2837; x_wconf 68' lang='lat' dir='ltr'><strong>timg</strong></span> <span class='ocrx_word' id='word_1_673' title='bbox 947 2807 978 2832; x_wconf 80' lang='lat' dir='ltr'><strong>at</strong></span> <span class='ocrx_word' id='word_1_674' title='bbox 1004 2813 1083 2832; x_wconf 76' lang='lat' dir='ltr'><strong>nunc</strong></span> <span class='ocrx_word' id='word_1_675' title='bbox 1106 2804 1138 2832; x_wconf 83' lang='lat' dir='ltr'><strong>in</strong></span> <span class='ocrx_word' id='word_1_676' title='bbox 1156 2804 1255 2851; x_wconf 78' lang='lat' dir='ltr'><strong>majus</strong></span> <span class='ocrx_word' id='word_1_677' title='bbox 1275 2801 1424 2830; x_wconf 79' lang='lat' dir='ltr'><strong>discrimen</strong></span> <span class='ocrx_word' id='word_1_678' title='bbox 1449 2799 1554 2835; x_wconf 75' lang='lat' dir='ltr'><strong>incidi,</strong></span> 
     </span>
     <span class='ocr_line' id='line_1_110' title="bbox 854 2844 1349 2885; baseline -0.004 -11"><span class='ocrx_word' id='word_1_679' title='bbox 854 2854 939 2884; x_wconf 83' lang='lat' dir='ltr'><strong>quam</strong></span> <span class='ocrx_word' id='word_1_680' title='bbox 954 2846 977 2875; x_wconf 79' lang='lat' dir='ltr'><strong>si</strong></span> <span class='ocrx_word' id='word_1_681' title='bbox 988 2846 1122 2884; x_wconf 79' lang='lat' dir='ltr'><strong>pessimus</strong></span> <span class='ocrx_word' id='word_1_682' title='bbox 1136 2845 1204 2875; x_wconf 82' lang='lat' dir='ltr'><strong>civis</strong></span> <span class='ocrx_word' id='word_1_683' title='bbox 1214 2844 1349 2885; x_wconf 78' lang='lat' dir='ltr'><strong>fuissem.</strong></span> 
     </span>
    </p>
   </div>
  </div>
 </body>
</html>
