1819 3219
498 203 831 245 LECTIONES
865 205 1155 247 LYSIACAE.
1474 205 1551 248 117

97 309 280 344 literarum
298 307 482 349 limitibus,
500 309 760 342 humanitatem
779 310 877 342 nullo
893 310 1088 342 officiorum
1105 320 1234 350 genere
1247 311 1415 344 concludi
1432 314 1468 345 et
1485 312 1554 346 cir-

102 365 293 400 cumscribi
310 365 432 398 voluit.
481 364 612 399 Testes
638 375 729 399 meae
758 365 929 398 orationis
950 375 1027 398 esse
1057 368 1207 408 possunt
1232 366 1464 407 plurimorum
1490 377 1555 401 no-

100 425 253 455 strorum
273 419 456 453 bominum
473 422 550 453 tum
568 421 676 453 etiam
696 424 732 453 et
747 423 953 453 exterorum
971 430 1093 459 voces,
1113 419 1242 462 quibus
1260 419 1353 451 illius
1368 429 1554 463 nunquam

101 476 214 509 autin
234 475 415 508 laboribus
432 474 670 518 suscipiendis
688 475 888 512 consitium,
908 472 1021 506 autin
1041 473 1284 516 exsequendis
1299 483 1408 515 opera
1427 474 1552 508 defuit.

98 533 222 575 Atque
239 532 395 573 profecto
408 531 564 562 dolorem
582 536 739 562 nostrum
758 541 826 563 nou
841 531 1026 563 minimum
1046 529 1220 570 auxisset,
1241 529 1273 561 ni
1294 540 1336 561 cx
1354 529 1421 561 isto
1435 530 1555 563 litera-

97 596 176 618 runi
192 586 368 618 consortio
383 589 420 617 ct
433 585 700 627 conjunctione,
714 596 760 628 qu
769 595 823 616 ani
840 594 978 627 semper
989 594 1071 617 euni
1087 584 1169 616 viris
1183 583 1430 615 eruditissimis
1444 594 1554 616 exco-

98 640 176 679 luit,
195 651 276 683 spes
293 641 410 683 aliqua
435 642 648 681 superesset,
671 639 871 671 Diodorum
891 638 1084 682 aliquando
1102 648 1172 671 non
1199 638 1315 670 minus
1343 637 1465 671 limate
1493 641 1556 672 aut

99 695 290 727 emendate
309 694 424 726 minus
442 693 680 736 proditurum.
711 694 792 726 Hac
811 694 911 736 quasi
929 693 1176 736 parentatione
1194 692 1387 724 defunctus
1402 702 1445 724 eo
1457 692 1556 726 undo

99 748 228 782 divorti
246 748 364 782 redeo.
397 748 612 781 Inseribitur
630 749 743 791 prima
761 747 874 781 oratio
891 747 1091 781 Andocidis
1109 748 1188 790 Περὶ
1211 747 1423 789 Μυστηρίων.
1456 746 1555 780 Prae-

98 807 152 837 ter
168 814 246 837 eam
274 814 459 847 superesse
476 814 621 847 quoque
638 814 704 836 sua
720 805 827 836 aetate
846 802 954 836 voluit
982 803 1132 836 alteram
1157 804 1236 846 Περὶ
1261 801 1448 841 Ἐνδείξεως
1470 801 1557 835 Plu-

99 856 256 891 tarehus.
305 857 342 890 Si
365 857 543 901 superfuit
571 868 653 896 una,
680 857 895 901 superfuisse
924 860 978 889 sat
1004 857 1077 890 scio
1106 857 1266 896 alteram,
1291 866 1375 889 cum
1403 865 1476 888 una
1500 855 1558 890 sit.

92 911 252 951 Ἔνδειξις
265 914 341 944 erat
354 922 398 945 ea
417 911 569 945 actionis
585 911 734 956 species,
747 922 844 955 quae,
861 911 888 944 si
907 911 987 955 quis
1004 909 1144 954 legibus
1162 912 1226 944 aut
1243 909 1383 953 judicio
1401 909 1558 952 publico,

99 965 221 1011 aliquo
238 970 302 1000 aut
320 967 399 1000 loco
418 970 482 1000 aut
505 967 652 1000 r‘nuncre
677 967 861 1008 exclusus,
885 977 969 1000 eum
998 969 1121 999 tamen
1144 969 1207 999 aut
1230 966 1349 999 locum
1367 964 1477 1005 adire,
1496 967 1561 998 aut

97 1031 231 1055 munus
248 1021 385 1055 ambire
410 1022 535 1064 voluit,
559 1033 662 1056 reum
684 1022 880 1056 deferebat.
930 1021 1152 1062 Andocides,
1180 1020 1240 1064 qui
1266 1024 1303 1053 et
1330 1019 1490 1065 mysteria
1512 1019 1562 1052 fe-

98 1077 188 1110 cisse
215 1078 502 1119 insimulabatur,
528 1083 564 1111 et
592 1082 712 1111 cetera
739 1078 874 1110 nefaria
895 1077 1130 1118 commisisse,
1161 1076 1324 1119 adeoque
1350 1085 1392 1107 eo
1418 1073 1561 1118 piaculo

100 1132 326 1173 constrictus,
346 1133 453 1166 talem
471 1134 660 1171 Ἐνόείὲεως
676 1142 821 1165 causam
840 1132 875 1165 in
898 1131 965 1164 hac
984 1132 1144 1164 oratioue
1168 1130 1252 1173 egit,
1276 1130 1397 1173 itaque
1423 1129 1467 1161 ab
1486 1128 1562 1162 An-

99 1185 208 1228 tiquis
225 1196 289 1229 pro
305 1187 450 1219 arbitrio
467 1186 667 1219 orationem
682 1187 736 1219 vel
752 1187 940 1224 Ἐνόείξεως
954 1186 1010 1218 vel
1029 1188 1108 1229 Περὶ
1126 1186 1328 1228 Μυστηρίων
1345 1183 1443 1226 (nam
1462 1185 1561 1216 utro-

99 1252 170 1284 que
190 1242 296 1273 modo
314 1242 492 1284 scribunt)
512 1241 678 1273 habuisse
696 1241 840 1273 dicitur.
889 1240 1027 1272 Vocem
1048 1242 1202 1279 Ζητητὴς
1230 1249 1278 1272 ex
1303 1238 1463 1271 oratione
1482 1240 1561 1281 Περὶ

99 1296 283 1333 Ἐνὸείέεως
301 1294 425 1327 laudat
457 1294 708 1337 Harpoeratio,
734 1305 818 1337 quae
842 1294 878 1326 in
903 1293 978 1334 illa,
1009 1303 1119 1336 quam
1143 1293 1250 1326 hodie
1278 1292 1462 1331 babemus,
1482 1293 1562 1335 Περὶ

102 1351 302 1393 Μυστηρίων
317 1349 507 1392 aliquoties
517 1348 687 1381 occurrit.
716 1348 872 1382 Causam
888 1348 1042 1391 denique
1056 1348 1230 1391 expediet
1246 1346 1323 1390 ipse
1336 1345 1560 1387 Andocides,

99 1403 204 1446 cujus
232 1404 344 1437 verba
370 1404 468 1437 Edit.
495 1403 623 1446 Stepli.
643 1414 677 1448 p.
698 1405 733 1436 2.
765 1403 842 1436 liaec
866 1405 970 1436 sunt:
1007 1407 1147 1446 Πρῶτον
1172 1404 1234 1446 μὲν
1263 1403 1339 1445 περὶ
1363 1403 1471 1441 αὐτῆς
1499 1405 1562 1441 τῆς

99 1460 251 1500 αἰτίας,
274 1461 415 1504 ὅθενπερ
442 1461 461 1499 ἡ
491 1460 667 1498 ἔνδειξις
694 1459 837 1503 ἐγένετο,
860 1459 972 1503 διόπερ
989 1459 1034 1497 εἷς
1057 1461 1116 1492 τὸν
1133 1459 1252 1502 ἀγῶνα
1277 1458 1372 1491 τόνδε
1394 1457 1561 1497 κατέστην

100 1518 194 1559 περὶ
220 1519 299 1548 τῶν
323 1517 560 1559 μυστηρίων
585 1513 863 1558 (ἀπολογήσομαι
880 1512 948 1558 sc.)
993 1513 1112 1554 Tune,
1131 1513 1179 1546 mi
1197 1512 1315 1554 homo,
1335 1512 1400 1545 sub
1419 1512 1562 1546 leonino

103 1569 287 1603 Plutarchi
307 1570 450 1602 nomine
465 1580 504 1602 os
521 1570 618 1602 istud
637 1571 742 1602 tuum
759 1568 942 1602 asininum
955 1568 1067 1601 latere
1084 1578 1188 1611 posse
1201 1565 1404 1600 arbitreris!
1431 1566 1562 1609 Neque

101 1623 219 1657 adbuc
238 1626 311 1657 tam
330 1625 426 1658 laute
454 1625 591 1657 corium
618 1627 720 1657 tuum
745 1623 932 1656 dedolasse
960 1622 1047 1655 milii
1073 1621 1209 1663 videor,
1233 1621 1319 1664 quin
1339 1620 1481 1661 iterum,
1499 1620 1562 1654 ubi

101 1688 188 1711 usus
218 1679 364 1719 venerit,
383 1690 403 1711 a
419 1689 477 1712 me
493 1679 695 1722 vapulabis,
745 1679 803 1711 Sic
822 1679 931 1719 soleo,
952 1678 1014 1721 qui
1031 1687 1158 1720 genus,
1177 1676 1238 1719 qui
1255 1674 1441 1717 ingenium
1460 1685 1562 1708 men-

101 1735 253 1768 tiuntur.
302 1735 469 1768 Secunda
485 1735 598 1768 oratio
616 1745 748 1768 nomen
768 1735 872 1777 vulgo
894 1734 1019 1766 sortita
1035 1736 1090 1765 est
1116 1733 1197 1775 Περὶ
1222 1734 1284 1771 τῆς
1312 1732 1429 1764 ἑαυτοῦ
1447 1733 1563 1764 Καὲόη

103 1791 171 1822 ὂου.
224 1789 268 1823 In
287 1800 330 1822 ea
344 1789 629 1822 luculentissima
646 1800 731 1822 sane
749 1790 907 1822 oratione
925 1787 1147 1833 conqueritm·
1164 1786 1316 1820 multum
1344 1786 1388 1818 de
1405 1796 1564 1829 quorun-

102 1844 185 1877 dam
216 1842 348 1876 civium
368 1843 516 1886 injuriis,
535 1843 597 1887 qui
627 1847 850 1886 negaverunt
877 1853 983 1877 suum
1009 1841 1184 1875 indicium
1202 1842 1247 1874 de
1273 1840 1563 1883 Hermocopida-

100 1908 178 1931 rum
204 1898 451 1941 conjuratione
472 1898 698 1941 Reipublicae
725 1899 925 1943 quidquam
951 1897 1114 1930 attulisse
1132 1895 1277 1928 salutis:
1304 1894 1442 1939 exponit
1459 1905 1562 1928 suam

99 1952 347 1986 infelicitatem
374 1953 409 1986 in
437 1952 595 1986 consiliis
620 1964 652 1986 c.
680 1953 959 1996 Rcmpublicam
984 1952 1092 1991 initis,
1113 1951 1299 1994 vitamque
1329 1960 1378 1982 ex
1401 1959 1444 1982 ca
1472 1952 1561 1983 tem-

99 2012 240 2051 pestate
258 2020 367 2053 quam
386 2008 495 2042 duxit
509 2019 589 2041 vere
606 2009 774 2051 ἁβίωτον;
793 2014 873 2042 orat
892 2008 1060 2052 denique,
1080 2017 1163 2051 quae
1182 2016 1302 2039 causae
1322 2005 1389 2038 fuit
1406 2015 1559 2047 summa,

101 2066 142 2096 ut
157 2063 426 2096 immunitatem
442 2061 573 2106 (ἄδειαν
597 2067 728 2097 vocant
745 2063 881 2106 Graeci)
907 2074 1017 2107 quam
1035 2063 1120 2095 olim
1148 2060 1198 2094 illi
1224 2061 1269 2094 ob
1294 2060 1428 2093 indicia
1444 2061 1562 2103 ἐψηφί-

102 2131 219 2160 σαντο,
240 2122 363 2161 postea
380 2121 501 2151 autem
519 2120 656 2151 mutato
670 2117 819 2152 consilio
837 2121 1063 2159 revocarant,
1077 2120 1191 2150 ratam
1205 2126 1283 2149 esse
1302 2125 1398 2148 nunc
1414 2115 1560 2148 demum

101 2175 322 2214 paterentur.
368 2173 455 2216 Ἐγὼ
479 2175 595 2206 τοίνυν
621 2176 783 2206 τοσοῦτον
809 2175 903 2216 ὑμῶν
919 2175 1025 2216 μόνον
1051 2173 1172 2215 δέομαι·
1198 2174 1236 2203 τὸ
1261 2172 1427 2213 ψήφισμα,
1451 2173 1469 2202 ’ὁ
1493 2175 1560 2202 Με-

102 2228 234 2259 νίππου
251 2228 406 2266 εἰπόντος
422 2227 634 2269 ἐψηφίσασθε,
654 2225 740 2259 εἶναι’
765 2241 819 2271 μοι
842 2228 997 2267 ἄδειαν,
1020 2228 1128 2258 πάλιν
1150 2226 1306 2258 ἀπόδοτε.
1328 2226 1561 2267 ἀναγνώσεται

103 2282 134 2313 ὂὲ
162 2283 241 2324 ὑμῖν
265 2284 360 2320 αὐτὸ,
388 2283 435 2314 ἔτι
458 2284 522 2324 γὰρ
549 2283 603 2313 καὶ
628 2284 692 2313 νῦν
715 2282 941 2324 ἐγγέγραπται
966 2282 1003 2313 ἐν
1031 2284 1079 2322 τῷ
1101 2281 1340 2322 βουλευτηρίῳ.
1388 2280 1558 2323 Ψήφισμα.

102 2340 201 2369 Τουτὶ
230 2338 266 2368 τὸ
292 2336 457 2378 ψήφισμα,
479 2338 496 2366 ’ὸ
524 2336 700 2375 ἠκούσατε,
726 2336 948 2378 ψηφισάμενοί
972 2349 1038 2378 μοι,
1065 2332 1089 2367 ὧ
1107 2335 1291 2374 Ἀθηναῖοι,
1314 2335 1452 2377 ὕστερον
1476 2335 1560 2376 ὑφεί-

102 2392 209 2429 ames,
234 2391 336 2433 χάριν
362 2388 460 2432 ἑτέρῳ
482 2388 643 2432 φέροντες.
696 2389 843 2422 Rectius
865 2400 948 2431 crgo
967 2388 1218 2421 inscriberetur
1242 2391 1320 2432 Περὶ
1341 2392 1402 2428 τῆς
1417 2388 1562 2428 Ἀὂείας,

102 2455 175 2489 quo
194 2445 336 2477 nomine
361 2444 484 2476 laudat
503 2444 792 2486 Harpocratioin
811 2454 843 2476 ν.
862 2444 1046 2488 'oppedam
1099 2443 1191 2477 Eam
1218 2444 1340 2475 tamen
1365 2453 1435 2475 non
1465 2443 1562 2486 prius

104 2499 297 2540 dimittam,
330 2509 440 2542 quam
473 2502 601 2531 contra
633 2497 683 2530 H.
718 2497 894 2542 Stephani
928 2497 1169 2531 temeritatem
1199 2496 1442 2530 vindicavero.
1493 2498 1563 2531 Ille

103 2553 213 2595 enim,
231 2557 270 2586 ut
287 2553 371 2586 olim
388 2554 424 2586 in
442 2553 568 2596 Lysia,
589 2553 841 2586 dominationis
860 2558 927 2586 τῶν
946 2552 1074 2587 CCCC
1092 2552 1224 2586 oblitus
1245 2552 1404 2595 (gravius
1425 2551 1561 2596 aliquid

103 2609 222 2643 dicere
239 2609 365 2651 nolim)
384 2612 436 2641 ter
452 2609 488 2641 in
508 2608 574 2641 hae
593 2608 780 2649 Oratione,
799 2608 982 2650 AIdinarn,
1009 2611 1046 2642 et
1067 2608 1177 2642 MSS.
1197 2608 1388 2641 lectionem
1405 2620 1561 2650 τετρακο-

103 2666 184 2698 σίων
208 2667 245 2697 et
267 2665 487 2708 τετρακοσίοις
511 2664 546 2696 in
574 2665 770 2707 τριακοσίων
798 2668 834 2696 et
859 2666 1055 2708 τριακοσίοις
1080 2663 1409 2707 imprudentissime
1434 2664 1561 2695 mutat.

104 2719 152 2751 V.
175 2723 247 2752 not.
267 2729 301 2761 p.
319 2721 398 2752 171.
415 2729 497 2759 pen.
513 2718 570 2750 ed.
589 2718 712 2762 Stepli.
738 2718 797 2752 Tu
814 2719 951 2762 ubique
969 2720 1136 2752 restituas
1154 2718 1188 2751 in
1207 2718 1260 2751 his
1277 2719 1374 2758 locis,
1388 2718 1485 2761 qnod
1502 2716 1562 2749 ille

104 2773 269 2807 exclusit.
319 2773 415 2806 Haec
432 2777 535 2806 erant
551 2783 634 2805 cum
666 2773 841 2806 adnotatu
859 2773 1071 2815 necessaria,
1089 2776 1165 2805 tum
1183 2772 1289 2805 etiam
1320 2770 1563 2804 emendationi

105 2838 194 2860 meae
213 2827 257 2859 ad
276 2826 421 2870 Lysiam
442 2828 597 2871 aliquam
616 2828 868 2861 auctoritatem
887 2828 1039 2861 addunt.
1088 2828 1326 2861 Κατέπλευσεν
1343 2827 1388 2864 εἰς
1405 2828 1470 2865 τὴν
1487 2826 1563 2858 ἑαυ-

105 2884 162 2915 τοῦ
189 2883 303 2923 πόλιν,
323 2884 393 2915 ἐπεὶ
411 2887 478 2915 τῶν
496 2885 717 2925 τετρακοσίων
733 2885 806 2922 θεὸς
824 2883 937 2924 λήθην
953 2883 1061 2923 ἔδωκε,
1079 2893 1112 2926 p.
1128 2884 1208 2915 105.
1225 2884 1282 2914 30.
1310 2879 1371 2913 ubi
1390 2890 1436 2912 ex
1456 2879 1564 2912 histo·

104 2936 158 2969 ria
174 2935 310 2969 dudum
329 2937 480 2978 correxi,
497 2938 734 2971 Κατέπλευσεν
751 2939 796 2978 εἰς
818 2941 884 2979 τὴν
898 2940 1017 2972 ἑαυτοῦ
1036 2939 1139 2970 πόλιν
1156 2938 1221 2968 ἐπὶ
1244 2940 1312 2968 τῶν
1329 2935 1562 2978 τετρακοσίων.

107 2992 186 3028 Θεὸς
203 2992 278 3033 γὰρ,
295 2992 364 3025 etc.
400 2990 522 3032 *Quod
547 2992 648 3036 potui
673 2992 783 3027 etiam
804 2992 872 3027 hoe
900 2992 980 3027 loco
1009 2991 1190 3026 adductus
1207 2988 1427 3024 Andocidis:
1455 2990 1563 3023 Πυθὸε-
