1839 3229
245 193 324 234 152
795 191 826 232 Ι.
860 190 1120 232 TAYLORI

238 283 286 317 D.
307 284 351 317 de
370 282 663 317 extraordinariis
681 282 902 317 criminibus.
937 283 1032 316 Item
1051 283 1072 316 Ι.
1092 283 1185 317 unic.
1206 283 1247 316 C.
1270 283 1314 316 de
1329 283 1557 328 MonopoliiS.
1592 285 1688 319 “Ju-

238 338 378 380 bemus,
394 348 440 371 ne
456 339 535 382 quis
546 356 592 363 --
605 337 850 382 monopolium
866 338 997 371 audeat
1014 348 1193 378 exercere,
1210 347 1297 372 neve
1315 338 1393 382 quis
1408 339 1540 372 illicitis
1558 339 1688 372 habitis

238 394 535 428 conventionibus
553 394 715 435 conjuret
727 396 790 426 aut
806 393 1020 436 paciscatur,
1040 392 1092 426 Ut
1110 393 1245 436 species
1263 392 1480 427 diversorum
1498 404 1685 438 corporum

236 447 496 492 negociationis
509 459 580 481 non
598 447 757 489 minoris,
771 457 878 491 quam
898 448 988 480 inter
1003 459 1040 480 se
1059 447 1260 488 statuerint,
1278 447 1569 483 venundentur.'’
1606 447 1685 483 Cri-

237 504 334 538 mine
359 504 583 537 stellionatus
610 502 826 535 tenebantur
852 500 1056 543 hujusmodi
1083 502 1244 535 malefici.
1294 504 1317 520 “
1337 502 1409 542 Qui
1434 513 1576 536 merces
1601 513 1687 545 sup-

236 559 374 605 pressit,
393 559 596 603 specialiter
611 558 678 591 hoc
696 558 841 591 crimine
855 558 1027 601 postulari
1045 557 1198 601 potest.”
1212 558 1234 590 l.
1253 560 1287 592 3.
1304 557 1352 591 D.
1369 557 1414 590 de
1431 558 1687 592 crimineStel-

236 615 403 649 lionatus.
453 613 597 647 Placuit
618 623 703 655 ergo
719 615 822 646 extra
846 612 1005 645 ordinem
1024 613 1194 656 plectere,
1212 614 1253 645 ut
1269 611 1319 645 ait
1344 611 1522 656 Ulpianus
1544 612 1564 645 1.
1582 614 1617 645 2.
1635 612 1683 645 D.

236 669 316 703 eod.
368 670 390 687 ‘⁴
408 668 526 702 Poena
543 670 665 700 autem
686 666 909 700 stellionatus
927 666 1024 699 nulla
1041 667 1200 709 legitima
1215 669 1282 707 est,
1300 677 1382 699 cum
1400 677 1468 700 nec
1485 666 1684 709 legitimum

235 724 371 758 crimen
393 724 450 757 sit.
501 723 625 756 Solent
650 724 770 755 autem
794 731 842 754 ex
871 720 937 753 hoc
954 723 1058 754 extra
1076 722 1238 754 ordinem
1260 722 1381 765 plecti,
1399 720 1596 754 dummodo
1613 730 1684 754 non

235 778 366 812 debeat
382 788 474 822 opus
492 776 623 810 metalli
643 776 721 809 baec
738 785 848 820 poena
861 776 897 809 in
914 774 1064 819 plebeiis
1081 776 1224 817 egredi:
1251 777 1285 808 in
1304 775 1356 809 his
1375 779 1508 815 autem,
1526 775 1684 819 quisunt

235 833 272 866 in
295 833 415 876 aliquo
441 831 573 864 honore
590 830 708 874 positi,
725 830 768 863 ad
795 833 937 873 tempus
954 829 1125 872 relegatio
1142 830 1196 863 vel
1220 830 1264 862 ab
1286 829 1412 863 ordine
1437 831 1548 863 motio
1565 828 1685 864 remit-

234 886 344 920 tenda
360 884 450 919 est.''
495 885 746 926 Athenienses,
763 885 893 929 quibus
911 887 1035 917 contra
1048 894 1202 917 annouae
1219 884 1411 919 incendium
1426 885 1683 929 providendum

234 945 310 975 erat
334 941 504 981 maxime,
520 938 745 984 (quanquam
768 940 862 973 enim
887 939 1055 973 frumenti
1072 939 1248 980 sationem,
1266 943 1306 972 ut
1325 940 1530 982 gloriantur,
1548 942 1684 973 ceteras

233 996 397 1030 nationes
417 996 749 1037 docuere„7r)xsio·rq›
776 997 895 1027 tamen
913 995 1079 1027 ἁπάντων
1102 995 1294 1038 ἀνθρώπων
1311 994 1491 1037 ἐπεισάκτῳ
1509 996 1589 1038 σίτῳ
1606 996 1684 1027 ute·

235 1049 381 1093 bantur)
397 1050 524 1084 ceteris
542 1049 646 1082 rebus
665 1049 848 1082 venalibus
866 1049 1142 1092 quibuscunque
1157 1048 1398 1090 magistrath
1417 1059 1507 1093 quos
1519 1050 1684 1092 ἁγορανό-

234 1119 317 1150 μους
334 1105 523 1146 vocabant,
541 1104 744 1148 praefecere,
763 1106 814 1137 ἐπὶ
835 1104 866 1136 δὲ
887 1104 991 1148 ταύτῃ
1005 1105 1111 1148 μόνῃ
1130 1107 1172 1147 τῇ
1189 1104 1290 1148 τέχνῃ
1308 1105 1436 1148 χωρὶς
1455 1104 1684 1147 Σιτοφύλακας

236 1159 523 1193 constituebant:
551 1160 605 1192 καὶ
623 1159 786 1198 πολλάκις
801 1158 888 1202 (inq.
907 1157 984 1201 ille)
1001 1159 1077 1202 παρ’
1096 1160 1229 1191 ἐκείνων
1247 1160 1435 1192 πολιτῶν
1459 1160 1568 1192 ὄντων
1588 1159 1682 1201 δίκην

235 1218 301 1256 τὴν
323 1216 484 1259 μεγίστην
500 1215 649 1256 ἐλάβετε,
665 1214 715 1247 ὅτι
741 1215 803 1257 οὐχ
821 1211 913 1246 οἷοίτ’
931 1210 1020 1254 ἦσαν
1045 1217 1107 1254 τῆς
1126 1214 1253 1247 τούτων
1271 1215 1435 1258 πονηρίας
1451 1214 1682 1258 ἐπικρατῆσαι.

233 1280 269 1313 p.
287 1271 368 1303 722.
386 1270 450 1302 ult.
500 1269 608 1302 Unde
626 1267 769 1302 elicitur
784 1269 1006 1312 (quanquam
1026 1272 1062 1302 et
1080 1269 1161 1302 alibi
1181 1270 1334 1310 constet,
1353 1279 1459 1312 supra
1475 1268 1582 1307 enim,
1600 1270 1681 1302 Εἰπέ

235 1336 276 1356 συ
292 1325 373 1368 ἐμοὶ,
391 1324 436 1368 μέ
450 1337 494 1357 το
507 1337 592 1363 ικος
608 1321 656 1363 ε’ἷ;
683 1325 760 1356 Ναί.
780 1327 950 1363 Μετοικεῖς
966 1324 997 1356 δὲ
1018 1324 1159 1367 πότερον
1172 1337 1201 1356 κ.
1216 1337 1245 1357 τ.
1264 1325 1296 1356 λ.
1313 1333 1348 1365 p.
1366 1325 1444 1356 715.
1463 1322 1513 1367 3.)
1529 1324 1681 1357 nonnul-

234 1378 287 1411 los
312 1381 473 1422 quaestus
499 1379 590 1412 adeo
614 1377 752 1411 civibus
776 1377 1059 1412 Atheniensibus
1078 1377 1255 1419 interdici,
1275 1377 1478 1421 cujusmodi
1503 1380 1578 1410 erat
1603 1377 1680 1411 haec

234 1431 476 1474 frumentaria,
493 1435 535 1465 ut
552 1442 622 1466 non
640 1432 705 1465 nisi
723 1432 768 1465 ab
785 1432 977 1476 Inquilinis
1002 1431 1162 1464 exerceri
1180 1434 1361 1475 poterant:
1388 1432 1577 1465 nonnullas
1593 1431 1679 1464 item

233 1486 412 1532 mancipiis
430 1486 596 1530 ablegari.
646 1486 704 1520 Ita
720 1487 756 1520 in
775 1486 949 1520 Veterum
966 1486 1172 1519 didascaliis
1187 1485 1322 1518 auloedi
1337 1486 1392 1520 vel
1408 1485 1571 1520 tibicines
1588 1495 1679 1519 nun·-

233 1551 340 1586 quam
356 1552 404 1576 ex
419 1541 579 1575 Civibus.-
631 1540 892 1584 Inscriptiones
909 1540 1004 1584 apud
1024 1540 1129 1574 Fulv.
1150 1539 1322 1573 Ursinum
1339 1550 1347 1574 ε

656 1626 771 1650 ΑῙΓΗῙΣ
790 1626 936 1650 ΑΝΔΡΩΝ
950 1625 1054 1650 ΕΝΙΚΑ

487 1669 665 1693 ΕΤΑΓΙΔΗΣ
683 1668 840 1692 ΚΤΗΣῘΟΎ·
859 1669 1031 1693 ΦΙΛΑΙΔΗΣ
1048 1668 1217 1693 ΕΧΟΡΗΓΕΙ

530 1711 782 1736 ΛΎΣΙΜΑΧΙΔΗΣ
799 1711 1022 1735 ΕΠΙΔΑΜΝΙΟΣ
1040 1712 1146 1735 ΗΎἋΕΚ

571 1754 754 1779 ΧΑΡΙΛΑΟΣ
776 1754 916 1778 ΛΟΚΡΟΣ
932 1754 1112 1779 ΕΔΙΔΑΣΚΕ

651 1797 881 1821 ΕΥΘὙΚΡΙΤΟΣ
899 1798 1020 1822 ΗΡΧΕΝ.

150 1866 212 1895 ⁷1ss
231 1861 281 1896 Et
298 1862 382 1897 alibi
401 1861 495 1905 apud
514 1861 681 1899 cundem,

568 1929 748 1954 N11<01<An2
767 1928 1029 1953 AMBPAKm‘rnz
1046 1928 1167 1953 ΗτΛΕι.

228 1980 264 2011 et

570 2034 675 2059 ΕγιοΣ
691 2033 903 2059 ΧΑΛΚΙΔΕΥΣ
920 2032 1040 2058 mmai.

225 2086 262 2118 et

565 2141 663 2166 ΘΕΩΝ
683 2140 839 2166 enemo}
857 2141 975 2165 mmm.

225 2196 403 2240 Ejusdem
434 2194 655 2229 condicionis
682 2193 923 2238 proculdubio
956 2193 1034 2231 fuit,
1063 2192 1169 2236 cujus
1201 2182 1410 2225 memoriam
1444 2192 1671 2227 conservavit

223 2252 391 2286 Marmor
409 2250 505 2296 apud
523 2250 709 2294 Sponium,

478 2326 707 2350 ΛὙΣΙΚΡΑΤΗΣ
726 2325 953 2350 Armet-:mor
972 2325 1168 2350 ΚΙΚΎΝΝΕΥΣ
1187 2325 1357 2350 ΕΧΟΡΗΓΕῙ

480 2369 692 2393 ΑΚΑΝΙΑΝΤΙΣ
709 2369 852 2393 ΠΑΙΔΩΝ
870 2369 973 2393 ΕΝΙΚΑ
990 2369 1088 2392 ΘΕΩΝ
1105 2368 1214 2392 H'Y'AEI

479 2412 663 2436 ΛὙΣΙΑΔΗΣ
682 2412 866 2436 ΑΘΗΝΑῙΟΣ
883 2412 1061 2437 ΕΔΙΔΑΣΚΕ
1079 2411 1280 2435 ΕΎΑῘΝΕΤΟΣ
1297 2410 1399 2434 ΗΡΧΕ.

224 2474 573 2515 Ῑῒᾶ,αὐλείτωσαν
590 2471 651 2507 οὗν
669 2475 726 2518 ἔφη
744 2470 985 2519 [Alcibiades]
1002 2474 1160 2516 Θηβαίων
1172 2473 1299 2510 παῖδες·
1318 2473 1356 2504 οὐ
1373 2473 1437 2515 γὰρ
1454 2470 1544 2504 ἴσασι
1562 2471 1670 2505 διαλέ-

222 2531 347 2573 γεσθαι·
366 2530 445 2573 ἡμῖν
459 2528 490 2561 δε
507 2531 576 2568 τοῖς
591 2528 788 2568 Ἀθηναίοις
799 2532 866 2561 etc.
882 2528 1064 2561 Plutarch.
1082 2528 1117 2560 in
1129 2525 1330 2560 Alcibiade.
1367 2525 1424 2558 lta
1438 2526 1671 2570 Ἀντιγενίδας

222 2584 372 2626 Σατύρου
389 2584 537 2625 Θηβαῖος
550 2583 698 2624 αὐλῳδὸς
721 2583 910 2619 Φιλοξένου.
959 2581 1047 2615 Suid
1070 2581 1105 2614 in
1121 2591 1200 2614 voc.
1241 2579 1395 2613 Videtur
1412 2579 1556 2613 omnino
1572 2580 1669 2614 idem

221 2648 313 2680 esse,
332 2647 441 2681 quem
459 2639 634 2669 memorat
650 2635 780 2668 Noster
796 2637 833 2668 in
853 2636 956 2668 Orat.
976 2637 1060 2679 πρὸς
1077 2637 1249 2679 Νίκαρχον
1263 2636 1323 2666 τὸν
1337 2636 1505 2675 αὐλητὴν,
1522 2633 1575 2666 uti
1591 2633 1668 2667 lau-

221 2691 327 2725 datur
352 2690 398 2724 ab
433 2689 732 2733 Harpocratione.
771 2690 895 2734 Steph.
932 2690 1084 2733 Byzant.
1111 2700 1145 2723 v,
1172 2690 1326 2733 Ἀραβία.
1375 2690 1432 2730 Ὠς
1459 2691 1480 2730 ἡ
1508 2691 1668 2734 παροιμία

220 2745 378 2790 Ἀράβιος
394 2746 557 2785 αὐλητὴς,
574 2746 618 2784 ἣν
634 2745 775 2785 ἔταττον
792 2746 847 2777 ἐπὶ
864 2749 931 2778 τῶν
955 2745 1140 2784 ἀπαύστως
1155 2745 1411 2788 διαλεγομένων.
1429 2748 1450 2785 ἢ
1473 2745 1527 2778 διὰ
1543 2748 1580 2779 τὸ
1605 2759 1669 2789 μη-

221 2799 299 2832 δένα
322 2800 498 2840 Ἑλλήνων
515 2799 792 2832 ὂιασκευάσασθαι
808 2801 873 2839 τὴν
890 2800 1088 2840 αὐλητικὴν,
1104 2800 1147 2838 ὡς
1169 2795 1275 2832 οὖσαν
1291 2800 1481 2842 βάναυσον,
1500 2802 1555 2833 καὶ
1579 2813 1668 2834 παν-

221 2855 323 2894 τελῶς
343 2854 575 2898 ἀνελεύθερον,
597 2853 688 2886 ἀλλὰ
710 2853 895 2898 βαρβάροις
914 2855 1078 2894 αὐληταῖς
1101 2854 1257 2898 χρῆσθαι·
1276 2856 1333 2888 Διὸ
1354 2856 1409 2888 καὶ
1431 2854 1590 2899 Ἀράβιος
1607 2855 1667 2889 αὖ·

219 2909 338 2951 ληΤὴς)
351 2912 388 2948 ὃς

560 2974 719 3016 Δραχμῆς
737 2973 798 3015 μὲν
815 2972 918 3013 ηὔλει,
938 2972 1103 3016 τεττάρων
1119 2971 1145 3004 δ’
1164 2971 1318 3005 ἐπαύετο.
