1819 3219
474 197 807 242 LECTIONES
843 197 1130 239 LYSIACAE.
1453 197 1533 239 103

76 314 174 346 ctore
186 310 316 355 petere,
329 319 419 353 quas
436 307 622 342 Librarius
639 306 782 346 debeat,
801 307 919 339 locum
939 304 989 338 ita
1006 303 1189 337 emendari
1203 312 1308 347 posse
1323 302 1536 338 concedam:

73 368 212 412 Ὁμοίως
231 365 345 409 μέντοι
359 364 579 407 διαλεχθῆναι
593 366 662 402 τοῖς
676 362 841 406 πρότερόν
855 373 939 396 ποτε
956 360 1121 403 εἰρηκόσιν
1137 360 1212 391 ἔνθ
1224 358 1271 390 ἀδ
1281 371 1294 391 ε
1320 359 1338 390 δ
1351 371 1363 391 ε
1374 362 1417 391 ἲν
1442 360 1490 402 ἐμ
1503 361 1538 392 οὶ

77 422 171 454 δοκεῖ.
197 419 367 462 Sequitur
377 421 515 452 autem:
542 418 651 462 Μόνοι
666 418 729 460 γὰρ
740 416 882 449 πάντων
897 416 1089 459 ἀνθρώπων
1102 415 1136 451 ἐξ
1147 410 1255 457 ἧσπερ
1269 413 1396 456 ἔφυσαν
1408 413 1540 453 ταύτην

75 475 116 519 (Ι.
131 473 277 516 ταύτην)
287 474 436 516 ᾤκησαν,
455 475 508 506 καὶ
518 476 586 510 τοῖς
601 473 634 509 ἐξ
650 472 764 504 αὐτῶν
778 470 986 513 παρέδωκαν.
1000 469 1084 502 ὥστε
1100 469 1232 506 δικαίως
1246 468 1291 500 ἄν
1309 481 1358 505 τις
1371 468 1541 509 ὑπολάβοι

78 531 158 568 τοὺς
167 530 229 572 μὲν
240 530 286 567 είς
296 531 357 568 τὰς
373 530 386 560 ἐ
398 541 424 560 π
435 528 455 568 ἡ
466 529 488 560 λ
498 527 571 560 υδα
581 540 597 565 ς
613 527 776 564 ἐλθόντας
790 526 917 565 πόλεις,
930 526 983 558 καὶ
996 524 1127 557 τούτων
1140 524 1286 561 πολίτας
1297 533 1543 565 προσαγορευο-

77 584 197 628 μένους
208 585 340 628 ὁμοίους
353 581 439 616 εἶναι
451 586 520 622 τοῖς
532 583 737 621 εἰσποιητοῖς
754 584 823 614 τῶν
834 581 975 613 παίδων·
991 579 1131 618 τούτους
1144 578 1175 611 δὲ
1194 578 1355 621 γνησίους
1371 577 1461 620 γόνῳ
1479 578 1543 615 τῆς

80 639 239 684 πατρίδος
253 640 395 677 πολίτας
411 635 509 671 εἶναι.
560 637 699 669 Scitum
727 638 781 668 est
808 635 905 668 istud
922 634 1094 675 ἐπήλυδας
1109 634 1237 673 πόλεις,
1255 631 1320 665 vix
1337 630 1480 672 Tyrone
1505 628 1544 662 in

78 694 191 728 literis
208 694 359 734 Graecis,
378 693 515 726 nedum
533 691 792 731 Demosthene,
813 690 978 733 dignum.
1017 688 1180 731 Hesych.
1198 686 1408 727 Ἐπίιλυόας,
1425 686 1545 718 νεωστὶ

81 750 245 789 ἐλθόντας
257 750 291 787 ἐξ
309 748 420 792 ἑτέρας
432 750 507 792 γῆς,
520 748 724 785 ἐπιλεκτοὺς,
739 748 759 786 ἣ
774 747 832 779 οὐκ
843 746 1016 789 ἰθαγενεῖς.
1067 744 1185 778 Recte
1195 752 1293 783 sane,
1310 751 1429 784 neque
1446 739 1546 772 enim

83 803 272 844 Civitates,
299 804 336 836 in
363 813 452 847 quas
478 803 687 845 migramus,
718 811 842 834 verum
873 811 949 841 nos,
974 799 1035 843 qui
1057 798 1341 841 commigramus
1358 795 1441 840 ipsi,
1457 794 1545 838 jure

79 859 268 899 Ἐπὴλυδες
286 868 470 892 vocamur.
522 857 632 891 Porro
650 859 773 890 autem
791 866 862 889 non
881 855 1005 888 leviter
1019 857 1144 888 contra
1160 852 1344 886 historiam
1362 861 1438 884 suae
1456 859 1546 892 gen-

81 914 127 947 tis
145 917 285 958 peccat.
335 913 491 958 Ἐρεχθέα
508 912 602 946 ἕνεκα
616 915 674 945 τοῦ
689 916 792 945 σῶσαι
805 913 870 951 τήν
882 912 1009 954 χώραν,
1028 911 1090 949 τὰς
1107 910 1210 943 αὑτοῦ
1232 907 1372 948 παῖδας,
1389 909 1411 939 ἃ
1423 919 1440 945 ς
1464 905 1498 938 ’Υ
1508 918 1547 938 α-

84 982 103 1002 tc
114 969 254 1002 ινθίδα
266 982 284 1008 ς
308 982 326 1001 κ
337 982 359 1002 α
375 970 422 1000 λο
433 971 480 1001 iio·
492 981 545 1008 ιν,
566 968 612 1006 εἰς
633 964 811 1011 προῦπτον
841 966 992 998 θάνατον
1018 965 1122 998 δόντα
1139 965 1325 998 ἀναλῶσαι.
1374 962 1411 997 Si
1427 962 1549 996 ocium

81 1026 188 1065 esset,
215 1034 427 1068 quaererem,
453 1021 542 1066 quid
568 1021 711 1061 dixerit,
734 1021 796 1065 qui
823 1021 918 1055 dixit
945 1022 1173 1054 ἀναλῶσαι
1199 1020 1398 1064 Θυγατέρας,
1422 1028 1549 1053 verum

82 1089 166 1112 cum
192 1078 283 1112 illud
311 1089 380 1111 non
403 1077 557 1110 habeam
584 1076 748 1116 nimium,
768 1085 896 1108 moneo
914 1078 1055 1109 tantum
1074 1075 1310 1118 cespitavisse
1329 1074 1467 1107 bonum
1484 1072 1550 1106 ho-

85 1133 233 1173 minem,
260 1133 322 1177 qui
339 1133 430 1166 duas
445 1131 609 1165 historias
625 1130 776 1164 ridicule
794 1128 1111 1169 contaminaverit,
1129 1140 1248 1173 neque
1269 1128 1366 1162 enim
1386 1128 1552 1172 Hyacin-

85 1187 207 1221 thidas
220 1187 344 1221 vocari
360 1186 570 1227 Erechthei,
588 1185 649 1218 sed
668 1184 865 1230 Hyacinthi
881 1183 1156 1218 Lacedaemonii
1176 1184 1279 1225 filias,
1295 1184 1357 1226 qui
1371 1183 1417 1215 ob
1435 1183 1552 1216 simile

87 1243 225 1276 factum
250 1252 336 1275 cum
364 1241 568 1274 Erechtheo
589 1240 808 1273 nobilitatur.
859 1239 1051 1283 Sequitur:
1079 1240 1290 1283 Ἐμέμνηντο
1307 1239 1554 1282 Ἀκαμαντίδαι

88 1302 156 1332 τῶν
180 1300 283 1339 ἐπῶν,
302 1299 340 1330 ἐν
367 1295 419 1336 οἷς
436 1296 584 1340 ’Όμηρος
609 1297 705 1329 ’ἕνεκα
731 1298 777 1335 τῆ
792 1309 808 1334 ς
832 1309 856 1339 μ
868 1309 945 1339 ητρ
957 1296 1000 1335 ός
1023 1302 1126 1339 φησιν
1144 1296 1273 1338 Α’ίθρας
1290 1294 1491 1337 Ἀκάμαντα
1509 1294 1554 1333 εἰς

85 1355 209 1398 Τροίαν
227 1352 376 1387 στεῖλαι.’
418 1352 461 1385 Id
477 1351 572 1396 quod
597 1351 781 1384 Homerus
804 1351 903 1383 salva
930 1350 1075 1383 historia
1100 1349 1307 1383 meminisse
1332 1359 1403 1382 non
1421 1348 1553 1392 potuit.

88 1408 217 1442 AEthra
234 1408 331 1442 enim
347 1407 481 1442 Thesei
499 1410 576 1440 erat
593 1408 720 1448 mater,
748 1405 961 1439 Acamantis
979 1408 1101 1438 autem
1117 1403 1208 1438 avia.
1263 1404 1399 1438 Noster
1417 1406 1555 1445 tamen,

89 1473 136 1496 ne
164 1463 354 1496 oscitantia
373 1473 441 1495 sua
462 1461 633 1494 lectorem
660 1461 798 1501 lateret,
815 1459 947 1493 iterum
978 1461 1222 1504 ἀνιστορησίαν
1238 1458 1416 1492 inculcat:
1442 1458 1479 1492 ’.Ο
1494 1461 1557 1503 μὲν

89 1516 153 1553 οὗν
185 1521 316 1558 παντὸς
342 1519 496 1562 ἐπειρᾶτο
519 1516 691 1556 κινδύνου,
721 1519 779 1549 τοῦ
807 1520 913 1548 σῶσαι
943 1517 1023 1555 τὴν
1048 1516 1208 1548 ἑαυτοῦ
1246 1514 1415 1558 μητέρα
1448 1514 1556 1546 ἕνεκα.

92 1573 277 1607 Homerus
306 1574 441 1606 interea
463 1572 508 1605 de
536 1572 751 1612 Acamante,
771 1571 905 1604 nedum
930 1571 976 1604 de
1003 1570 1070 1603 hoc
1088 1569 1196 1610 sacto,
1214 1580 1259 1603 ne
1277 1580 1390 1603 unum
1410 1569 1559 1614 quidem

93 1628 255 1663 verbum.
306 1627 404 1668 Quin
421 1630 458 1660 et
473 1637 557 1661 vero
574 1625 796 1660 simillimum
816 1628 871 1659 est
889 1625 1055 1660 AEthram
1073 1625 1191 1669 ipsam
1203 1624 1329 1668 Trojae
1346 1635 1418 1658 non
1436 1623 1557 1658 fuisse.

93 1682 211 1716 Istum
228 1682 322 1716 enim
337 1684 456 1725 στίχον
473 1680 582 1715 Iliad.
602 1686 638 1714 Γ.
659 1683 738 1714 144.

375 1738 504 1782 Α’ίθρην
522 1738 670 1776 Πιτθῆος
684 1736 849 1779 θύγατρα,
866 1734 1051 1778 Κλυμένην
1064 1747 1098 1767 τε
1113 1734 1260 1776 βοῶπιν,

94 1792 200 1826 obelo
217 1794 434 1825 notaverunt
458 1793 555 1833 olim,
583 1795 624 1824 ut
650 1791 770 1824 videre
786 1793 842 1823 est
859 1789 958 1834 apud
978 1789 1161 1822 Plutarch.
1180 1789 1216 1822 in
1233 1788 1399 1822 Theseo:
1428 1790 1465 1822 et
1482 1788 1560 1822 Eu-

92 1847 244 1881 stathius
273 1857 427 1887 versum,
453 1847 482 1879 si
508 1845 688 1889 genuinus
704 1847 811 1887 esset,
831 1845 877 1877 de
896 1843 1026 1877 AEthra
1042 1843 1173 1877 Thesei
1200 1846 1316 1876 matre
1347 1843 1420 1877 dici
1452 1853 1560 1887 posse

94 1904 216 1944 negat.
266 1901 310 1935 In
326 1900 496 1935 Tribuum
521 1899 747 1942 recensione,
777 1910 861 1944 quae
887 1901 1086 1932 orationem
1112 1898 1263 1940 claudit,
1282 1898 1490 1932 indistincte
1507 1900 1563 1930 καὶ

93 1957 140 1996 ὡς
155 1958 266 2000 ἔτυχε,
284 1956 392 1998 facta,
410 1956 545 1989 indicia
567 1959 649 1989 sunt
677 1955 836 1989 maxima
861 1952 1099 1997 nugacissimi
1126 1953 1344 1987 Imitatoris.
1396 1951 1564 1986 Nescivit

95 2011 157 2045 ille
173 2011 453 2045 Atheniensium
484 2011 592 2044 fuisse
612 2021 760 2051 morem,
789 2013 831 2044 ut
852 2009 1036 2044 Tribuum
1061 2009 1209 2043 nomina
1232 2018 1308 2041 uno
1334 2010 1371 2041 et
1387 2010 1563 2052 perpetuo

95 2067 221 2101 ordine
239 2067 403 2101 citarent.
454 2067 554 2101 Eum
572 2066 752 2107 ordinem,
778 2069 904 2101 contra
922 2077 963 2100 ac
981 2069 1103 2100 noster
1132 2065 1270 2106 simius,
1298 2065 1562 2099 conservarunt

99 2122 265 2166 Antiqui.
317 2123 377 2157 Ex
392 2123 537 2156 Polluce
555 2122 605 2156 sic
622 2134 659 2156 se
677 2122 797 2164 habet,
816 2121 932 2156 VIII.
946 2123 982 2155 9.

442 2183 628 2207 ΕΡΕΧΘΗΙΣ.
1030 2180 1216 2205 ΑΝἸΊΟΧΙΣ.

441 2233 618 2258 ΚΕΚΡΟΠΙΣ
626 2252 632 2258 .
1024 2232 1192 2256 ΛΕΟΝΤΙΣ.

443 2285 572 2309 ΑΙΓΗῙΣ.
1028 2283 1159 2307 ΟΙΝΗῙΣ.

442 2336 651 2361 ΠΑΝΔΙΟΝΙΣ.
1023 2333 1291 2358 ΙΠΠΟΘΟΩΝΤΙΣ.

446 2387 668 2411 ΑΚΑΜΑΝΤῙΣ.
1025 2385 1187 2409 ΑῙΑΝΤΙΣ.

98 2432 142 2466 In
160 2432 253 2467 bello
272 2433 400 2467 eadem
426 2432 494 2465 fuit
519 2433 623 2472 τάξις,
644 2434 683 2465 ut
701 2431 873 2465 credibile
892 2432 947 2464 est
971 2441 1019 2465 ex
1037 2430 1092 2464 his
1108 2431 1197 2464 locis
1222 2428 1402 2463 Herodoti
1420 2429 1457 2462 et
1477 2427 1564 2462 Plu·
1581 2432 1643 2460 68⁴2

100 2487 213 2521 tarchi
228 2488 322 2521 inter
342 2498 379 2521 se
392 2487 545 2520 collatis,
596 2490 661 2520 Τοῦ
676 2489 738 2531 μὲν
756 2487 859 2524 δεξιοῦ
876 2487 985 2530 κέρεος
1007 2486 1123 2530 ἡγέετο
1148 2487 1165 2518 ὁ
1193 2485 1408 2529 πολέμαρχος
1433 2484 1563 2517 Καλλί-

100 2553 222 2586 μαχος·
249 2544 266 2576 ὁ
284 2546 348 2588 γὰρ
365 2544 467 2587 νόμος
482 2540 551 2586 εἶχε
568 2544 652 2575 οὕτω
679 2545 765 2576 τοῖσι
790 2542 1015 2582 Ἀθηναίοισι,
1032 2543 1094 2574 τὸν
1111 2540 1329 2584 πολέμαρχον
1354 2540 1444 2582 ἔχειν
1469 2538 1566 2582 κέρας

101 2601 139 2631 τὸ
163 2599 282 2635 δεξιόν·
310 2598 494 2642 ἡγεομένου
512 2598 544 2630 δὲ
576 2598 710 2638 τούτου,
736 2597 921 2633 ἐξεδέκοντο
950 2597 974 2628 ὡ
985 2610 1001 2635 ς
1026 2596 1047 2628 ἀ
1058 2609 1077 2640 ρ
1088 2610 1098 2628 ι
1109 2597 1128 2628 θ
1137 2610 1160 2640 μ
1171 2596 1209 2628 ἑο
1221 2609 1241 2629 ν
1253 2608 1301 2628 τα
1312 2608 1323 2626 ι
1347 2608 1368 2626 α
1382 2595 1392 2625 ‘t
1416 2601 1437 2637 φ
1449 2606 1468 2626 υ
1478 2595 1500 2625 λ
1510 2595 1562 2634 αἱ,

99 2653 259 2698 ἐχόμεναι
281 2654 458 2693 ἀλλήλων.
486 2651 666 2685 Herodot.
687 2652 787 2685 Erat.
809 2653 888 2684 ltl.
937 2650 1020 2684 Jam
1039 2650 1129 2694 quid
1146 2650 1234 2683 velit
1251 2650 1276 2682 ὡ
1289 2663 1306 2689 ς
1331 2648 1565 2692 ἀριθμέον-

100 2700 182 2751 ται,
208 2708 242 2741 ni
261 2710 394 2741 certam
413 2706 623 2740 habuissent
639 2707 738 2740 domi
755 2709 792 2739 et
809 2705 1001 2751 legitimam
1023 2706 1125 2749 quasi
1143 2705 1275 2739 seriem
1297 2703 1478 2737 Tribuum
1495 2711 1564 2734 nu-

103 2763 378 2797 merandarum?
430 2764 600 2796 Πλεῖστον
616 2763 744 2805 χρόνον
761 2761 1029 2806 ἀντερεισάντων
1047 2763 1133 2794 κατὰ
1152 2766 1179 2793 Λ
1191 2773 1230 2794 εο
1241 2774 1262 2794 ν
1274 2773 1293 2793 τ
1304 2762 1313 2792 ί
1325 2760 1343 2792 δ
1354 2773 1375 2792 α
1401 2760 1455 2791 καὶ
1478 2758 1516 2789 'A
1529 2770 1566 2789 ν-

104 2832 124 2851 τ
134 2832 171 2851 ιο
184 2820 226 2862 χί
237 2819 254 2851 δ
264 2833 284 2852 α
310 2820 424 2862 φυλὴν
450 2818 666 2861 ἠγωνίσαντο
691 2818 856 2861 λαμπρῶς
884 2815 1081 2860 τεταγμένοι
1107 2828 1163 2848 πα
1175 2815 1202 2860 ρ’
1227 2816 1249 2847 ἀ
1261 2816 1311 2847 λλ
1322 2815 1342 2853 ἡ
1354 2815 1375 2845 λ
1386 2826 1402 2845 ο
1416 2825 1434 2844 υ
1444 2825 1461 2850 ς
1486 2810 1515 2851 ὅ,
1531 2823 1565 2844 τε

107 2875 334 2917 Θεμιστοκλῆς
350 2874 403 2906 καὶ
421 2873 438 2905 ὁ
453 2872 670 2916 Ἀριστείδης·
697 2873 714 2905 ὁ
730 2874 793 2916 μὲν
805 2872 869 2915 γὰρ
885 2871 1069 2911 Λεοντίδης
1086 2867 1142 2911 ἧν,
1161 2870 1178 2903 ὁ
1193 2870 1218 2901 δ’
1231 2867 1456 2910 Ἀντιοχίδης.
1477 2864 1565 2898 Plu-

105 2927 221 2961 tarch.
250 2927 286 2960 in
312 2926 483 2960 Aristide.
533 2925 657 2960 Multa
685 2928 862 2970 praeterea
887 2927 1013 2958 contra
1040 2925 1233 2968 puritatem
1260 2922 1422 2956 Atticam
1455 2918 1563 2960 dicta,

107 2982 222 3016 multa
244 2982 435 3015 invenuste
456 2980 620 3024 opposita
637 2980 794 3024 prudens
811 2980 952 3014 omitto.
1004 2979 1055 3012 Et
1070 2986 1276 3020 quanquam
1294 2975 1379 3022 insit
1394 2984 1563 3008 numero-
