<?xml version="1.0" encoding="UTF-8"?>
<!DOCTYPE html PUBLIC "-//W3C//DTD XHTML 1.0 Transitional//EN"
    "http://www.w3.org/TR/xhtml1/DTD/xhtml1-transitional.dtd">
<html xmlns="http://www.w3.org/1999/xhtml" xml:lang="en" lang="en">
 <head>
  <title>
</title>
<meta http-equiv="Content-Type" content="text/html;charset=utf-8" />
  <meta name='ocr-system' content='tesseract 3.04.00' />
  <meta name='ocr-capabilities' content='ocr_page ocr_carea ocr_par ocr_line ocrx_word'/>
</head>
<body>
  <div class='ocr_page' id='page_1' title='image "./oratoresatticie02dobs_0170.png"; bbox 0 0 1839 3229; ppageno 0'>
   <div class='ocr_carea' id='block_1_1' title="bbox 163 911 224 940">
    <p class='ocr_par' dir='ltr' id='par_1_1' title="bbox 163 911 224 940">
     <span class='ocr_line' id='line_1_1' title="bbox 163 911 224 940; baseline 0.016 -1"><span class='ocrx_word' id='word_1_1' title='bbox 163 911 224 940; x_wconf 74' lang='lat'><strong>701</strong></span> 
     </span>
    </p>
   </div>
   <div class='ocr_carea' id='block_1_2' title="bbox 251 195 1146 238">
    <p class='ocr_par' dir='ltr' id='par_1_2' title="bbox 251 195 1146 238">
     <span class='ocr_line' id='line_1_2' title="bbox 251 195 1146 238; baseline 0.003 -3"><span class='ocrx_word' id='word_1_2' title='bbox 251 195 327 235; x_wconf 72' lang='lat'><strong>128</strong></span> <span class='ocrx_word' id='word_1_3' title='bbox 810 195 840 238; x_wconf 89' lang='lat' dir='ltr'><strong>l.</strong></span> <span class='ocrx_word' id='word_1_4' title='bbox 873 195 1146 238; x_wconf 84' lang='lat' dir='ltr'><strong>TAYLORI</strong></span> 
     </span>
    </p>
   </div>
   <div class='ocr_carea' id='block_1_3' title="bbox 237 301 1715 3047">
    <p class='ocr_par' dir='ltr' id='par_1_3' title="bbox 243 301 1700 675">
     <span class='ocr_line' id='line_1_3' title="bbox 244 301 1698 349; baseline 0.001 -15"><span class='ocrx_word' id='word_1_5' title='bbox 244 304 446 346; x_wconf 78' lang='lat' dir='ltr'><strong>exspectet.</strong></span> <span class='ocrx_word' id='word_1_6' title='bbox 499 302 729 338; x_wconf 85' lang='lat' dir='ltr'><strong>Condouabit</strong></span> <span class='ocrx_word' id='word_1_7' title='bbox 752 306 872 338; x_wconf 84' lang='lat' dir='ltr'><strong>tamen</strong></span> <span class='ocrx_word' id='word_1_8' title='bbox 889 304 956 338; x_wconf 88' lang='lat' dir='ltr'><strong>Vir</strong></span> <span class='ocrx_word' id='word_1_9' title='bbox 980 305 1219 349; x_wconf 86' lang='lat' dir='ltr'><strong>aequissimus,</strong></span> <span class='ocrx_word' id='word_1_10' title='bbox 1243 307 1280 338; x_wconf 88' lang='lat' dir='ltr'><strong>et</strong></span> <span class='ocrx_word' id='word_1_11' title='bbox 1303 305 1481 349; x_wconf 83' lang='lat' dir='ltr'><strong>patienter</strong></span> <span class='ocrx_word' id='word_1_12' title='bbox 1505 314 1526 337; x_wconf 81' lang='lat' dir='ltr'><strong>a</strong></span> <span class='ocrx_word' id='word_1_13' title='bbox 1552 313 1610 337; x_wconf 89' lang='lat' dir='ltr'><strong>me</strong></span> <span class='ocrx_word' id='word_1_14' title='bbox 1627 301 1698 335; x_wconf 88' lang='lat' dir='ltr'><strong>dici</strong></span> 
     </span>
     <span class='ocr_line' id='line_1_4' title="bbox 244 355 1698 403; baseline -0.001 -14"><span class='ocrx_word' id='word_1_15' title='bbox 244 358 379 396; x_wconf 82' lang='lat' dir='ltr'><strong>audiet,</strong></span> <span class='ocrx_word' id='word_1_16' title='bbox 397 368 478 402; x_wconf 84' lang='lat' dir='ltr'><strong>quae</strong></span> <span class='ocrx_word' id='word_1_17' title='bbox 496 357 556 392; x_wconf 91' lang='lat' dir='ltr'><strong>ille</strong></span> <span class='ocrx_word' id='word_1_18' title='bbox 573 358 781 403; x_wconf 81' lang='lat' dir='ltr'>propediem</span> <span class='ocrx_word' id='word_1_19' title='bbox 797 361 899 392; x_wconf 82' lang='lat' dir='ltr'><strong>tanto</strong></span> <span class='ocrx_word' id='word_1_20' title='bbox 916 359 1078 393; x_wconf 84' lang='lat' dir='ltr'><strong>dicturus</strong></span> <span class='ocrx_word' id='word_1_21' title='bbox 1096 361 1151 392; x_wconf 89' lang='lat' dir='ltr'><strong>est</strong></span> <span class='ocrx_word' id='word_1_22' title='bbox 1168 359 1307 393; x_wconf 86' lang='lat' dir='ltr'><strong>melius.</strong></span> <span class='ocrx_word' id='word_1_23' title='bbox 1358 359 1444 393; x_wconf 90' lang='lat' dir='ltr'><strong>Mos</strong></span> <span class='ocrx_word' id='word_1_24' title='bbox 1461 368 1602 402; x_wconf 84' lang='lat' dir='ltr'><strong>semper</strong></span> <span class='ocrx_word' id='word_1_25' title='bbox 1617 355 1698 397; x_wconf 85' lang='lat' dir='ltr'><strong>fuit,</strong></span> 
     </span>
     <span class='ocr_line' id='line_1_5' title="bbox 244 410 1700 457; baseline -0.001 -12"><span class='ocrx_word' id='word_1_26' title='bbox 244 415 284 445; x_wconf 87' lang='lat' dir='ltr'><strong>ut</strong></span> <span class='ocrx_word' id='word_1_27' title='bbox 301 422 365 445; x_wconf 90' lang='lat' dir='ltr'><strong>nos</strong></span> <span class='ocrx_word' id='word_1_28' title='bbox 382 413 460 446; x_wconf 92' lang='lat' dir='ltr'><strong>novi</strong></span> <span class='ocrx_word' id='word_1_29' title='bbox 479 412 640 446; x_wconf 86' lang='lat' dir='ltr'><strong>homines</strong></span> <span class='ocrx_word' id='word_1_30' title='bbox 658 413 693 446; x_wconf 93' lang='lat' dir='ltr'><strong>in</strong></span> <span class='ocrx_word' id='word_1_31' title='bbox 712 414 778 447; x_wconf 84' lang='lat' dir='ltr'><strong>hae</strong></span> <span class='ocrx_word' id='word_1_32' title='bbox 798 413 1001 456; x_wconf 77' lang='lat' dir='ltr'><strong>Republica</strong></span> <span class='ocrx_word' id='word_1_33' title='bbox 1019 414 1140 447; x_wconf 85' lang='lat' dir='ltr'><strong>lacero</strong></span> <span class='ocrx_word' id='word_1_34' title='bbox 1166 413 1228 447; x_wconf 86' lang='lat' dir='ltr'><strong>illo</strong></span> <span class='ocrx_word' id='word_1_35' title='bbox 1253 414 1449 457; x_wconf 76' lang='lat' dir='ltr'><strong>glossatore</strong></span> <span class='ocrx_word' id='word_1_36' title='bbox 1466 423 1528 457; x_wconf 88' lang='lat' dir='ltr'><strong>qu.</strong></span> <span class='ocrx_word' id='word_1_37' title='bbox 1547 410 1700 457; x_wconf 83' lang='grc' dir='ltr'>προσόδῳ</span> 
     </span>
     <span class='ocr_line' id='line_1_6' title="bbox 243 467 1698 512; baseline -0.001 -13"><span class='ocrx_word' id='word_1_38' title='bbox 243 468 426 500; x_wconf 87' lang='lat' dir='ltr'><strong>uteremur</strong></span> <span class='ocrx_word' id='word_1_39' title='bbox 442 468 486 500; x_wconf 93' lang='lat' dir='ltr'><strong>ad</strong></span> <span class='ocrx_word' id='word_1_40' title='bbox 503 467 654 500; x_wconf 84' lang='lat' dir='ltr'><strong>honores</strong></span> <span class='ocrx_word' id='word_1_41' title='bbox 671 470 707 499; x_wconf 88' lang='lat' dir='ltr'><strong>et</strong></span> <span class='ocrx_word' id='word_1_42' title='bbox 723 467 949 509; x_wconf 74' lang='lat' dir='ltr'><strong>dignitatem.</strong></span> <span class='ocrx_word' id='word_1_43' title='bbox 1000 468 1056 501; x_wconf 67' lang='lat' dir='ltr'><strong>lbi</strong></span> <span class='ocrx_word' id='word_1_44' title='bbox 1074 470 1140 508; x_wconf 84' lang='lat' dir='ltr'><strong>est,</strong></span> <span class='ocrx_word' id='word_1_45' title='bbox 1158 467 1253 512; x_wconf 88' lang='lat' dir='ltr'><strong>quod</strong></span> <span class='ocrx_word' id='word_1_46' title='bbox 1273 467 1520 512; x_wconf 82' lang='lat' dir='ltr'><strong>unusquisque</strong></span> <span class='ocrx_word' id='word_1_47' title='bbox 1537 471 1698 499; x_wconf 84' lang='lat' dir='ltr'><strong>nostrum</strong></span> 
     </span>
     <span class='ocr_line' id='line_1_7' title="bbox 243 522 1594 570; baseline 0 -16"><span class='ocrx_word' id='word_1_48' title='bbox 243 522 424 566; x_wconf 81' lang='grc' dir='ltr'>ἀγχίνοιαν</span> <span class='ocrx_word' id='word_1_49' title='bbox 441 533 541 555; x_wconf 86' lang='lat' dir='ltr'><strong>suam</strong></span> <span class='ocrx_word' id='word_1_50' title='bbox 556 522 591 554; x_wconf 91' lang='lat' dir='ltr'><strong>in</strong></span> <span class='ocrx_word' id='word_1_51' title='bbox 607 522 788 555; x_wconf 82' lang='lat' dir='ltr'><strong>insuetum</strong></span> <span class='ocrx_word' id='word_1_52' title='bbox 803 522 870 556; x_wconf 83' lang='lat' dir='ltr'><strong>iter</strong></span> <span class='ocrx_word' id='word_1_53' title='bbox 885 523 1001 564; x_wconf 83' lang='lat' dir='ltr'>libret,</span> <span class='ocrx_word' id='word_1_54' title='bbox 1015 523 1100 556; x_wconf 85' lang='lat' dir='ltr'><strong>etin</strong></span> <span class='ocrx_word' id='word_1_55' title='bbox 1119 534 1161 556; x_wconf 85' lang='lat' dir='ltr'><strong>ea</strong></span> <span class='ocrx_word' id='word_1_56' title='bbox 1178 523 1344 567; x_wconf 81' lang='lat' dir='ltr'><strong>palaestra</strong></span> <span class='ocrx_word' id='word_1_57' title='bbox 1360 532 1400 570; x_wconf 81' lang='lat' dir='ltr'><strong>se</strong></span> <span class='ocrx_word' id='word_1_58' title='bbox 1413 524 1594 560; x_wconf 85' lang='lat' dir='ltr'><strong>exerceat,</strong></span> 
     </span>
     <span class='ocr_line' id='line_1_8' title="bbox 709 577 1204 622; baseline 0.01 -14"><span class='ocrx_word' id='word_1_59' title='bbox 709 579 733 593; x_wconf 91' lang='lat'><strong>“</strong></span> <span class='ocrx_word' id='word_1_60' title='bbox 761 577 859 611; x_wconf 90' lang='lat' dir='ltr'><strong>Dum</strong></span> <span class='ocrx_word' id='word_1_61' title='bbox 878 579 1048 611; x_wconf 88' lang='lat' dir='ltr'><strong>conderet</strong></span> <span class='ocrx_word' id='word_1_62' title='bbox 1066 579 1204 622; x_wconf 88' lang='lat' dir='ltr'><strong>urbem,</strong></span> 
     </span>
     <span class='ocr_line' id='line_1_9' title="bbox 613 631 1110 675; baseline 0.008 -11"><span class='ocrx_word' id='word_1_63' title='bbox 613 631 837 675; x_wconf 82' lang='lat' dir='ltr'><strong>Inferrctque</strong></span> <span class='ocrx_word' id='word_1_64' title='bbox 855 631 954 665; x_wconf 85' lang='lat' dir='ltr'><strong>Deos</strong></span> <span class='ocrx_word' id='word_1_65' title='bbox 968 633 1110 668; x_wconf 85' lang='lat' dir='ltr'><strong>Latio.&#39;&#39;</strong></span> 
     </span>
    </p>

    <p class='ocr_par' dir='ltr' id='par_1_4' title="bbox 237 687 1715 3047">
     <span class='ocr_line' id='line_1_10' title="bbox 244 687 1702 734; baseline -0.001 -12"><span class='ocrx_word' id='word_1_66' title='bbox 244 689 336 722; x_wconf 89' lang='lat' dir='ltr'><strong>Cum</strong></span> <span class='ocrx_word' id='word_1_67' title='bbox 354 698 437 729; x_wconf 79' lang='lat' dir='ltr'><strong>ergo</strong></span> <span class='ocrx_word' id='word_1_68' title='bbox 455 687 661 730; x_wconf 78' lang='lat' dir='ltr'><strong>Hesychius</strong></span> <span class='ocrx_word' id='word_1_69' title='bbox 679 688 814 732; x_wconf 84' lang='lat' dir='ltr'><strong>aliquid</strong></span> <span class='ocrx_word' id='word_1_70' title='bbox 833 699 852 721; x_wconf 87' lang='lat' dir='ltr'><strong>a</strong></span> <span class='ocrx_word' id='word_1_71' title='bbox 870 699 927 722; x_wconf 85' lang='lat' dir='ltr'><strong>me</strong></span> <span class='ocrx_word' id='word_1_72' title='bbox 941 689 1011 722; x_wconf 87' lang='lat' dir='ltr'><strong>diei</strong></span> <span class='ocrx_word' id='word_1_73' title='bbox 1036 692 1236 734; x_wconf 84' lang='lat' dir='ltr'><strong>exspectet,</strong></span> <span class='ocrx_word' id='word_1_74' title='bbox 1263 700 1329 733; x_wconf 87' lang='lat' dir='ltr'><strong>age</strong></span> <span class='ocrx_word' id='word_1_75' title='bbox 1347 688 1590 733; x_wconf 80' lang='lat' dir='ltr'><strong>experiamur,</strong></span> <span class='ocrx_word' id='word_1_76' title='bbox 1606 697 1702 722; x_wconf 88' lang='lat' dir='ltr'><strong>nun-</strong></span> 
     </span>
     <span class='ocr_line' id='line_1_11' title="bbox 243 741 1704 787; baseline -0.001 -11"><span class='ocrx_word' id='word_1_77' title='bbox 243 743 328 787; x_wconf 86' lang='lat' dir='ltr'><strong>quid</strong></span> <span class='ocrx_word' id='word_1_78' title='bbox 347 742 500 785; x_wconf 79' lang='lat' dir='ltr'><strong>proferre</strong></span> <span class='ocrx_word' id='word_1_79' title='bbox 519 742 664 785; x_wconf 73' lang='lat' dir='ltr'><strong>possim,</strong></span> <span class='ocrx_word' id='word_1_80' title='bbox 682 742 777 786; x_wconf 86' lang='lat' dir='ltr'><strong>quod</strong></span> <span class='ocrx_word' id='word_1_81' title='bbox 793 743 942 778; x_wconf 87' lang='lat' dir='ltr'><strong>aliorum</strong></span> <span class='ocrx_word' id='word_1_82' title='bbox 956 743 1071 787; x_wconf 86' lang='lat' dir='ltr'><strong>fugiat</strong></span> <span class='ocrx_word' id='word_1_83' title='bbox 1086 744 1311 779; x_wconf 80' lang='lat' dir='ltr'><strong>industriam.</strong></span> <span class='ocrx_word' id='word_1_84' title='bbox 1363 744 1413 777; x_wconf 87' lang='lat' dir='ltr'><strong>Et</strong></span> <span class='ocrx_word' id='word_1_85' title='bbox 1426 743 1653 787; x_wconf 88' lang='lat' dir='ltr'><strong>potissimum</strong></span> <span class='ocrx_word' id='word_1_86' title='bbox 1667 741 1704 775; x_wconf 87' lang='lat' dir='ltr'><strong>in</strong></span> 
     </span>
     <span class='ocr_line' id='line_1_12' title="bbox 244 797 1706 843; baseline -0.001 -12"><span class='ocrx_word' id='word_1_87' title='bbox 244 797 377 840; x_wconf 88' lang='lat' dir='ltr'><strong>duplici</strong></span> <span class='ocrx_word' id='word_1_88' title='bbox 396 797 464 830; x_wconf 86' lang='lat' dir='ltr'><strong>isto</strong></span> <span class='ocrx_word' id='word_1_89' title='bbox 482 798 695 831; x_wconf 81' lang='lat' dir='ltr'><strong>mendarum</strong></span> <span class='ocrx_word' id='word_1_90' title='bbox 712 798 809 831; x_wconf 87' lang='lat' dir='ltr'><strong>fonte</strong></span> <span class='ocrx_word' id='word_1_91' title='bbox 825 799 1027 833; x_wconf 79' lang='lat' dir='ltr'><strong>versabitur</strong></span> <span class='ocrx_word' id='word_1_92' title='bbox 1042 800 1300 833; x_wconf 82' lang='lat' dir='ltr'><strong>commentatio</strong></span> <span class='ocrx_word' id='word_1_93' title='bbox 1317 801 1450 841; x_wconf 87' lang='lat' dir='ltr'><strong>nostra,</strong></span> <span class='ocrx_word' id='word_1_94' title='bbox 1466 809 1574 843; x_wconf 88' lang='lat' dir='ltr'><strong>quem</strong></span> <span class='ocrx_word' id='word_1_95' title='bbox 1590 806 1706 841; x_wconf 85' lang='lat' dir='ltr'><strong>nuper</strong></span> 
     </span>
     <span class='ocr_line' id='line_1_13' title="bbox 243 851 1706 899; baseline -0.001 -13"><span class='ocrx_word' id='word_1_96' title='bbox 243 852 411 892; x_wconf 84' lang='lat' dir='ltr'><strong>indicavi,</strong></span> <span class='ocrx_word' id='word_1_97' title='bbox 438 863 487 885; x_wconf 82' lang='lat' dir='ltr'><strong>sc.</strong></span> <span class='ocrx_word' id='word_1_98' title='bbox 506 852 568 885; x_wconf 88' lang='lat' dir='ltr'><strong>ubi</strong></span> <span class='ocrx_word' id='word_1_99' title='bbox 590 852 675 886; x_wconf 82' lang='lat' dir='ltr'><strong>Vox</strong></span> <span class='ocrx_word' id='word_1_100' title='bbox 706 853 860 888; x_wconf 79' lang='lat' dir='ltr'><strong>alienam</strong></span> <span class='ocrx_word' id='word_1_101' title='bbox 887 855 1010 888; x_wconf 88' lang='lat' dir='ltr'><strong>sedem</strong></span> <span class='ocrx_word' id='word_1_102' title='bbox 1043 854 1286 898; x_wconf 82' lang='lat' dir='ltr'><strong>occupaverit,</strong></span> <span class='ocrx_word' id='word_1_103' title='bbox 1315 861 1374 888; x_wconf 85' lang='lat' dir='ltr'><strong>aut</strong></span> <span class='ocrx_word' id='word_1_104' title='bbox 1400 854 1500 899; x_wconf 92' lang='lat' dir='ltr'><strong>quod</strong></span> <span class='ocrx_word' id='word_1_105' title='bbox 1525 851 1706 887; x_wconf 80' lang='lat' dir='ltr'><strong>exciderit</strong></span> 
     </span>
     <span class='ocr_line' id='line_1_14' title="bbox 242 906 1707 953; baseline -0.001 -11"><span class='ocrx_word' id='word_1_106' title='bbox 242 909 346 942; x_wconf 85' lang='lat' dir='ltr'><strong>litera</strong></span> <span class='ocrx_word' id='word_1_107' title='bbox 361 906 520 948; x_wconf 83' lang='lat' dir='ltr'><strong>initialis,</strong></span> <span class='ocrx_word' id='word_1_108' title='bbox 538 914 598 942; x_wconf 83' lang='lat' dir='ltr'><strong>aut</strong></span> <span class='ocrx_word' id='word_1_109' title='bbox 614 908 710 953; x_wconf 90' lang='lat' dir='ltr'><strong>quod</strong></span> <span class='ocrx_word' id='word_1_110' title='bbox 735 909 931 953; x_wconf 85' lang='lat' dir='ltr'><strong>imaginem</strong></span> <span class='ocrx_word' id='word_1_111' title='bbox 949 921 1051 944; x_wconf 86' lang='lat' dir='ltr'><strong>suam</strong></span> <span class='ocrx_word' id='word_1_112' title='bbox 1069 912 1106 944; x_wconf 90' lang='lat' dir='ltr'><strong>et</strong></span> <span class='ocrx_word' id='word_1_113' title='bbox 1122 909 1270 953; x_wconf 81' lang='lat' dir='ltr'><strong>vestigia</strong></span> <span class='ocrx_word' id='word_1_114' title='bbox 1294 909 1583 943; x_wconf 84' lang='lat' dir='ltr'><strong>dissimulaverit.</strong></span> <span class='ocrx_word' id='word_1_115' title='bbox 1634 907 1707 941; x_wconf 86' lang='lat' dir='ltr'><strong>Ne-</strong></span> 
     </span>
     <span class='ocr_line' id='line_1_15' title="bbox 244 962 1708 1009; baseline 0 -14"><span class='ocrx_word' id='word_1_116' title='bbox 244 973 315 1008; x_wconf 85' lang='lat' dir='ltr'><strong>que</strong></span> <span class='ocrx_word' id='word_1_117' title='bbox 333 965 471 995; x_wconf 79' lang='lat' dir='ltr'><strong>ceteros</strong></span> <span class='ocrx_word' id='word_1_118' title='bbox 489 962 606 1004; x_wconf 77' lang='lat' dir='ltr'><strong>sontis,</strong></span> <span class='ocrx_word' id='word_1_119' title='bbox 624 964 687 998; x_wconf 92' lang='lat' dir='ltr'><strong>ubi</strong></span> <span class='ocrx_word' id='word_1_120' title='bbox 701 975 788 998; x_wconf 88' lang='lat' dir='ltr'><strong>usus</strong></span> <span class='ocrx_word' id='word_1_121' title='bbox 808 965 956 1005; x_wconf 89' lang='lat' dir='ltr'><strong>venerit,</strong></span> <span class='ocrx_word' id='word_1_122' title='bbox 974 966 1212 1009; x_wconf 81' lang='lat' dir='ltr'><strong>negligemus,</strong></span> <span class='ocrx_word' id='word_1_123' title='bbox 1247 965 1291 998; x_wconf 90' lang='lat' dir='ltr'><strong>In</strong></span> <span class='ocrx_word' id='word_1_124' title='bbox 1311 970 1349 998; x_wconf 92' lang='grc' dir='ltr'><strong>Δ.</strong></span> <span class='ocrx_word' id='word_1_125' title='bbox 1370 966 1570 1009; x_wconf 61' lang='lat' dir='ltr'><strong>etipsa-Sat</strong></span> <span class='ocrx_word' id='word_1_126' title='bbox 1592 973 1708 1006; x_wconf 88' lang='lat' dir='ltr'><strong>expo-</strong></span> 
     </span>
     <span class='ocr_line' id='line_1_16' title="bbox 244 1017 1707 1065; baseline 0.001 -14"><span class='ocrx_word' id='word_1_127' title='bbox 244 1018 343 1051; x_wconf 88' lang='lat' dir='ltr'><strong>nitur</strong></span> <span class='ocrx_word' id='word_1_128' title='bbox 366 1017 588 1062; x_wconf 63' lang='grc' dir='ltr'>ὀδύρεσθαι</span> <span class='ocrx_word' id='word_1_129' title='bbox 619 1017 689 1061; x_wconf 84' lang='lat' dir='ltr'><strong>(ut,</strong></span> <span class='ocrx_word' id='word_1_130' title='bbox 713 1030 786 1052; x_wconf 86' lang='lat' dir='ltr'><strong>non</strong></span> <span class='ocrx_word' id='word_1_131' title='bbox 820 1020 969 1063; x_wconf 87' lang='lat' dir='ltr'><strong>exponi,</strong></span> <span class='ocrx_word' id='word_1_132' title='bbox 1003 1021 1066 1053; x_wconf 86' lang='lat' dir='ltr'><strong>sed</strong></span> <span class='ocrx_word' id='word_1_133' title='bbox 1095 1020 1167 1063; x_wconf 82' lang='lat' dir='ltr'><strong>legi</strong></span> <span class='ocrx_word' id='word_1_134' title='bbox 1201 1020 1431 1065; x_wconf 79' lang='lat' dir='ltr'><strong>oportuerat)</strong></span> <span class='ocrx_word' id='word_1_135' title='bbox 1460 1022 1599 1061; x_wconf 80' lang='grc' dir='ltr'><strong>κλαίειν,</strong></span> <span class='ocrx_word' id='word_1_136' title='bbox 1629 1020 1707 1064; x_wconf 79' lang='grc' dir='ltr'><em>θρη-</em></span> 
     </span>
     <span class='ocr_line' id='line_1_17' title="bbox 243 1072 1707 1119; baseline -0.001 -12"><span class='ocrx_word' id='word_1_137' title='bbox 243 1077 327 1107; x_wconf 86' lang='grc' dir='ltr'>νεῖν.</span> <span class='ocrx_word' id='word_1_138' title='bbox 376 1072 422 1106; x_wconf 93' lang='lat' dir='ltr'><strong>In</strong></span> <span class='ocrx_word' id='word_1_139' title='bbox 441 1072 567 1106; x_wconf 88' lang='lat' dir='ltr'><strong>eadem</strong></span> <span class='ocrx_word' id='word_1_140' title='bbox 596 1073 698 1106; x_wconf 87' lang='lat' dir='ltr'><strong>litera</strong></span> <span class='ocrx_word' id='word_1_141' title='bbox 722 1074 861 1111; x_wconf 80' lang='grc' dir='ltr'>ὂυάζει</span> <span class='ocrx_word' id='word_1_142' title='bbox 886 1077 1025 1118; x_wconf 82' lang='grc' dir='ltr'>φλυαρεῖ</span> <span class='ocrx_word' id='word_1_143' title='bbox 1052 1077 1107 1108; x_wconf 88' lang='lat' dir='ltr'><strong>est</strong></span> <span class='ocrx_word' id='word_1_144' title='bbox 1133 1075 1265 1108; x_wconf 82' lang='lat' dir='ltr'><strong>menda</strong></span> <span class='ocrx_word' id='word_1_145' title='bbox 1291 1074 1381 1119; x_wconf 86' lang='lat' dir='ltr'><strong>ipsa.</strong></span> <span class='ocrx_word' id='word_1_146' title='bbox 1429 1075 1552 1108; x_wconf 88' lang='lat' dir='ltr'><strong>Primo</strong></span> <span class='ocrx_word' id='word_1_147' title='bbox 1568 1073 1663 1107; x_wconf 89' lang='lat' dir='ltr'><strong>enim</strong></span> <span class='ocrx_word' id='word_1_148' title='bbox 1680 1077 1707 1106; x_wconf 91' lang='grc' dir='ltr'>Δ</span> 
     </span>
     <span class='ocr_line' id='line_1_18' title="bbox 244 1127 1707 1174; baseline 0.001 -14"><span class='ocrx_word' id='word_1_149' title='bbox 244 1131 281 1161; x_wconf 85' lang='lat' dir='ltr'><strong>et</strong></span> <span class='ocrx_word' id='word_1_150' title='bbox 298 1133 326 1161; x_wconf 86' lang='lat' dir='ltr'>A</span> <span class='ocrx_word' id='word_1_151' title='bbox 343 1127 526 1161; x_wconf 87' lang='lat' dir='ltr'><strong>literarum</strong></span> <span class='ocrx_word' id='word_1_152' title='bbox 545 1127 742 1161; x_wconf 77' lang='lat' dir='ltr'><strong>similitudo</strong></span> <span class='ocrx_word' id='word_1_153' title='bbox 758 1128 941 1162; x_wconf 86' lang='lat' dir='ltr'><strong>librarium</strong></span> <span class='ocrx_word' id='word_1_154' title='bbox 959 1128 1114 1173; x_wconf 87' lang='lat' dir='ltr'><strong>decepit,</strong></span> <span class='ocrx_word' id='word_1_155' title='bbox 1133 1131 1170 1162; x_wconf 86' lang='lat' dir='ltr'><strong>et</strong></span> <span class='ocrx_word' id='word_1_156' title='bbox 1187 1131 1305 1168; x_wconf 78' lang='grc' dir='ltr'>Δυὰζει</span> <span class='ocrx_word' id='word_1_157' title='bbox 1323 1140 1385 1174; x_wconf 90' lang='lat' dir='ltr'><strong>pro</strong></span> <span class='ocrx_word' id='word_1_158' title='bbox 1408 1131 1528 1168; x_wconf 80' lang='grc' dir='ltr'>Λυάζει</span> <span class='ocrx_word' id='word_1_159' title='bbox 1553 1128 1707 1172; x_wconf 83' lang='lat' dir='ltr'><strong>scripsit.</strong></span> 
     </span>
     <span class='ocr_line' id='line_1_19' title="bbox 243 1184 1705 1232; baseline 0 -14"><span class='ocrx_word' id='word_1_160' title='bbox 243 1184 448 1218; x_wconf 82' lang='lat' dir='ltr'><strong>Videamus</strong></span> <span class='ocrx_word' id='word_1_161' title='bbox 479 1195 577 1227; x_wconf 85' lang='lat' dir='ltr'><strong>ergo,</strong></span> <span class='ocrx_word' id='word_1_162' title='bbox 608 1184 698 1228; x_wconf 91' lang='lat' dir='ltr'><strong>quid</strong></span> <span class='ocrx_word' id='word_1_163' title='bbox 734 1186 864 1222; x_wconf 82' lang='grc' dir='ltr'>Λυάζει.</span> <span class='ocrx_word' id='word_1_164' title='bbox 916 1185 1078 1228; x_wconf 79' lang='grc' dir='ltr'>Λυάζει,</span> <span class='ocrx_word' id='word_1_165' title='bbox 1111 1187 1262 1230; x_wconf 80' lang='grc' dir='ltr'>φλυαρεῖ,</span> <span class='ocrx_word' id='word_1_166' title='bbox 1295 1189 1491 1232; x_wconf 83' lang='grc' dir='ltr'>μωρολογεῖ,</span> <span class='ocrx_word' id='word_1_167' title='bbox 1524 1185 1705 1224; x_wconf 77' lang='grc' dir='ltr'>στασιάζει.</span> 
     </span>
     <span class='ocr_line' id='line_1_20' title="bbox 243 1233 1709 1285; baseline 0.001 -13"><span class='ocrx_word' id='word_1_168' title='bbox 243 1238 418 1272; x_wconf 90' lang='lat' dir='ltr'><strong>Nondum</strong></span> <span class='ocrx_word' id='word_1_169' title='bbox 438 1242 549 1272; x_wconf 74' lang='lat' dir='ltr'><strong>recte.</strong></span> <span class='ocrx_word' id='word_1_170' title='bbox 600 1239 816 1281; x_wconf 87' lang='lat' dir='ltr'><strong>Legendum</strong></span> <span class='ocrx_word' id='word_1_171' title='bbox 839 1240 935 1274; x_wconf 87' lang='lat' dir='ltr'><strong>enim</strong></span> <span class='ocrx_word' id='word_1_172' title='bbox 961 1236 1147 1284; x_wconf 73' lang='grc' dir='ltr'>φλυάζει.</span> <span class='ocrx_word' id='word_1_173' title='bbox 1199 1240 1338 1274; x_wconf 88' lang='lat' dir='ltr'><strong>Verum</strong></span> <span class='ocrx_word' id='word_1_174' title='bbox 1365 1251 1484 1285; x_wconf 85' lang='lat' dir='ltr'><strong>neque</strong></span> <span class='ocrx_word' id='word_1_175' title='bbox 1501 1251 1545 1275; x_wconf 85' lang='lat' dir='ltr'><strong>ea</strong></span> <span class='ocrx_word' id='word_1_176' title='bbox 1561 1233 1635 1274; x_wconf 76' lang='lat' dir='ltr'><strong>v&#39;ox</strong></span> <span class='ocrx_word' id='word_1_177' title='bbox 1653 1251 1709 1274; x_wconf 87' lang='lat' dir='ltr'><strong>re-</strong></span> 
     </span>
     <span class='ocr_line' id='line_1_21' title="bbox 241 1293 1707 1339; baseline 0.001 -12"><span class='ocrx_word' id='word_1_178' title='bbox 241 1293 336 1327; x_wconf 83' lang='lat' dir='ltr'><strong>ctius</strong></span> <span class='ocrx_word' id='word_1_179' title='bbox 353 1294 426 1326; x_wconf 84' lang='lat' dir='ltr'><strong>fere</strong></span> <span class='ocrx_word' id='word_1_180' title='bbox 443 1294 499 1326; x_wconf 89' lang='lat' dir='ltr'><strong>vel</strong></span> <span class='ocrx_word' id='word_1_181' title='bbox 518 1293 552 1326; x_wconf 87' lang='lat' dir='ltr'><strong>in</strong></span> <span class='ocrx_word' id='word_1_182' title='bbox 568 1303 637 1326; x_wconf 87' lang='lat' dir='ltr'><strong>sua</strong></span> <span class='ocrx_word' id='word_1_183' title='bbox 652 1293 737 1326; x_wconf 88' lang='lat' dir='ltr'><strong>sede</strong></span> <span class='ocrx_word' id='word_1_184' title='bbox 756 1300 940 1328; x_wconf 83' lang='lat' dir='ltr'><strong>exaratur.</strong></span> <span class='ocrx_word' id='word_1_185' title='bbox 969 1294 1024 1328; x_wconf 92' lang='lat' dir='ltr'><strong>Ibi</strong></span> <span class='ocrx_word' id='word_1_186' title='bbox 1043 1296 1138 1329; x_wconf 89' lang='lat' dir='ltr'><strong>enim</strong></span> <span class='ocrx_word' id='word_1_187' title='bbox 1156 1296 1278 1339; x_wconf 85' lang='lat' dir='ltr'><strong>legere</strong></span> <span class='ocrx_word' id='word_1_188' title='bbox 1294 1298 1435 1339; x_wconf 84' lang='lat' dir='ltr'><strong>oportet</strong></span> <span class='ocrx_word' id='word_1_189' title='bbox 1451 1297 1605 1337; x_wconf 78' lang='grc' dir='ltr'>Φλυάζει,</span> <span class='ocrx_word' id='word_1_190' title='bbox 1617 1295 1707 1339; x_wconf 88' lang='lat' dir='ltr'><strong>(non</strong></span> 
     </span>
     <span class='ocr_line' id='line_1_22' title="bbox 242 1347 1709 1394; baseline 0.003 -14"><span class='ocrx_word' id='word_1_191' title='bbox 242 1349 408 1391; x_wconf 79' lang='grc' dir='ltr'>φλουάζει,</span> <span class='ocrx_word' id='word_1_192' title='bbox 426 1350 468 1380; x_wconf 89' lang='lat' dir='ltr'><strong>ut</strong></span> <span class='ocrx_word' id='word_1_193' title='bbox 485 1347 618 1390; x_wconf 84' lang='lat' dir='ltr'><strong>editur)</strong></span> <span class='ocrx_word' id='word_1_194' title='bbox 634 1350 784 1393; x_wconf 81' lang='grc' dir='ltr'>φλυαρεῖ,</span> <span class='ocrx_word' id='word_1_195' title='bbox 800 1351 906 1394; x_wconf 80' lang='grc' dir='ltr'>ληρεῖ.</span> <span class='ocrx_word' id='word_1_196' title='bbox 956 1349 1127 1383; x_wconf 86' lang='lat' dir='ltr'><strong>Similiter</strong></span> <span class='ocrx_word' id='word_1_197' title='bbox 1142 1350 1178 1383; x_wconf 89' lang='lat' dir='ltr'><strong>in</strong></span> <span class='ocrx_word' id='word_1_198' title='bbox 1197 1355 1238 1383; x_wconf 90' lang='lat' dir='ltr'><strong>A.</strong></span> <span class='ocrx_word' id='word_1_199' title='bbox 1257 1350 1390 1390; x_wconf 85' lang='grc' dir='ltr'>Λάζων,</span> <span class='ocrx_word' id='word_1_200' title='bbox 1413 1350 1480 1384; x_wconf 91' lang='lat' dir='ltr'><strong>Ille</strong></span> <span class='ocrx_word' id='word_1_201' title='bbox 1497 1351 1709 1394; x_wconf 88' lang='lat' dir='ltr'><strong>interpreta-</strong></span> 
     </span>
     <span class='ocr_line' id='line_1_23' title="bbox 242 1404 1708 1451; baseline 0.001 -14"><span class='ocrx_word' id='word_1_202' title='bbox 242 1408 311 1446; x_wconf 80' lang='lat' dir='ltr'><strong>tur,</strong></span> <span class='ocrx_word' id='word_1_203' title='bbox 328 1404 387 1438; x_wconf 89' lang='lat' dir='ltr'><strong>Tu</strong></span> <span class='ocrx_word' id='word_1_204' title='bbox 406 1406 526 1437; x_wconf 81' lang='lat' dir='ltr'><strong>autem</strong></span> <span class='ocrx_word' id='word_1_205' title='bbox 553 1404 733 1438; x_wconf 81' lang='lat' dir='ltr'><strong>rescribas</strong></span> <span class='ocrx_word' id='word_1_206' title='bbox 760 1406 939 1443; x_wconf 76' lang='grc' dir='ltr'>ἀλάζων.</span> <span class='ocrx_word' id='word_1_207' title='bbox 990 1405 1035 1438; x_wconf 86' lang='lat' dir='ltr'><strong>In</strong></span> <span class='ocrx_word' id='word_1_208' title='bbox 1063 1411 1106 1439; x_wconf 92' lang='grc' dir='ltr'><strong>Π.</strong></span> <span class='ocrx_word' id='word_1_209' title='bbox 1136 1408 1293 1446; x_wconf 84' lang='grc' dir='ltr'>πίτνας</span> <span class='ocrx_word' id='word_1_210' title='bbox 1318 1407 1474 1440; x_wconf 80' lang='grc' dir='ltr'>ἐκτείνων</span> <span class='ocrx_word' id='word_1_211' title='bbox 1500 1408 1592 1451; x_wconf 83' lang='grc' dir='ltr'>τίμια</span> <span class='ocrx_word' id='word_1_212' title='bbox 1616 1409 1708 1450; x_wconf 83' lang='grc' dir='ltr'>φασὶ,</span> 
     </span>
     <span class='ocr_line' id='line_1_24' title="bbox 243 1459 1705 1505; baseline 0.001 -13"><span class='ocrx_word' id='word_1_213' title='bbox 243 1459 358 1493; x_wconf 81' lang='lat' dir='ltr'><strong>multa</strong></span> <span class='ocrx_word' id='word_1_214' title='bbox 383 1462 468 1492; x_wconf 86' lang='lat' dir='ltr'><strong>sunt</strong></span> <span class='ocrx_word' id='word_1_215' title='bbox 491 1460 634 1493; x_wconf 87' lang='lat' dir='ltr'><strong>menda.</strong></span> <span class='ocrx_word' id='word_1_216' title='bbox 686 1460 807 1493; x_wconf 78' lang='lat' dir='ltr'><strong>Primo</strong></span> <span class='ocrx_word' id='word_1_217' title='bbox 825 1461 921 1494; x_wconf 89' lang='lat' dir='ltr'><strong>enim</strong></span> <span class='ocrx_word' id='word_1_218' title='bbox 940 1461 1054 1494; x_wconf 80' lang='lat' dir='ltr'><strong>evasit</strong></span> <span class='ocrx_word' id='word_1_219' title='bbox 1070 1462 1175 1494; x_wconf 87' lang='lat' dir='ltr'><strong>litera</strong></span> <span class='ocrx_word' id='word_1_220' title='bbox 1191 1467 1229 1502; x_wconf 88' lang='lat' dir='ltr'><strong>E,</strong></span> <span class='ocrx_word' id='word_1_221' title='bbox 1253 1471 1327 1505; x_wconf 88' lang='lat' dir='ltr'><strong>qua</strong></span> <span class='ocrx_word' id='word_1_222' title='bbox 1353 1463 1508 1494; x_wconf 85' lang='lat' dir='ltr'><strong>retracta</strong></span> <span class='ocrx_word' id='word_1_223' title='bbox 1533 1472 1582 1495; x_wconf 84' lang='lat' dir='ltr'><strong>ex</strong></span> <span class='ocrx_word' id='word_1_224' title='bbox 1607 1461 1705 1504; x_wconf 81' lang='lat' dir='ltr'><strong>fuga,</strong></span> 
     </span>
     <span class='ocr_line' id='line_1_25' title="bbox 243 1514 1708 1560; baseline 0.001 -13"><span class='ocrx_word' id='word_1_225' title='bbox 243 1515 323 1557; x_wconf 86' lang='lat' dir='ltr'><strong>lege</strong></span> <span class='ocrx_word' id='word_1_226' title='bbox 349 1525 456 1558; x_wconf 81' lang='lat' dir='ltr'><strong>perro</strong></span> <span class='ocrx_word' id='word_1_227' title='bbox 487 1525 559 1548; x_wconf 88' lang='lat' dir='ltr'><strong>non</strong></span> <span class='ocrx_word' id='word_1_228' title='bbox 583 1514 760 1555; x_wconf 82' lang='grc' dir='ltr'>Ἐπίτνας,</span> <span class='ocrx_word' id='word_1_229' title='bbox 787 1525 911 1549; x_wconf 86' lang='lat' dir='ltr'><strong>verum</strong></span> <span class='ocrx_word' id='word_1_230' title='bbox 937 1517 1190 1558; x_wconf 83' lang='grc' dir='ltr'>Ἐπιτείνας,</span> <span class='ocrx_word' id='word_1_231' title='bbox 1221 1516 1317 1560; x_wconf 87' lang='lat' dir='ltr'><strong>quod</strong></span> <span class='ocrx_word' id='word_1_232' title='bbox 1347 1518 1443 1549; x_wconf 92' lang='lat' dir='ltr'><strong>recte</strong></span> <span class='ocrx_word' id='word_1_233' title='bbox 1466 1515 1528 1550; x_wconf 88' lang='lat' dir='ltr'><strong>ille</strong></span> <span class='ocrx_word' id='word_1_234' title='bbox 1555 1516 1708 1560; x_wconf 89' lang='lat' dir='ltr'><strong>exponit</strong></span> 
     </span>
     <span class='ocr_line' id='line_1_26' title="bbox 243 1569 1706 1616; baseline 0.003 -16"><span class='ocrx_word' id='word_1_235' title='bbox 243 1569 409 1611; x_wconf 80' lang='grc' dir='ltr'><em>ἐκτείνων,</em></span> <span class='ocrx_word' id='word_1_236' title='bbox 426 1572 468 1602; x_wconf 92' lang='lat' dir='ltr'><strong>ut</strong></span> <span class='ocrx_word' id='word_1_237' title='bbox 485 1569 629 1603; x_wconf 90' lang='lat' dir='ltr'><strong>debuit:</strong></span> <span class='ocrx_word' id='word_1_238' title='bbox 662 1569 819 1612; x_wconf 84' lang='lat' dir='ltr'><strong>Deinde,</strong></span> <span class='ocrx_word' id='word_1_239' title='bbox 835 1571 932 1615; x_wconf 83' lang='lat' dir='ltr'><strong>quod</strong></span> <span class='ocrx_word' id='word_1_240' title='bbox 950 1571 1125 1616; x_wconf 86' lang='lat' dir='ltr'><strong>sequitur,</strong></span> <span class='ocrx_word' id='word_1_241' title='bbox 1139 1583 1188 1606; x_wconf 81' lang='lat' dir='ltr'><strong>sc.</strong></span> <span class='ocrx_word' id='word_1_242' title='bbox 1207 1573 1300 1616; x_wconf 82' lang='grc' dir='ltr'>τίμια</span> <span class='ocrx_word' id='word_1_243' title='bbox 1325 1573 1416 1615; x_wconf 82' lang='grc' dir='ltr'>φασὶ,</span> <span class='ocrx_word' id='word_1_244' title='bbox 1433 1574 1646 1615; x_wconf 88' lang='lat' dir='ltr'><strong>repetuntur</strong></span> <span class='ocrx_word' id='word_1_245' title='bbox 1659 1580 1706 1604; x_wconf 88' lang='lat' dir='ltr'><strong>ex</strong></span> 
     </span>
     <span class='ocr_line' id='line_1_27' title="bbox 244 1624 1712 1672; baseline 0.002 -16"><span class='ocrx_word' id='word_1_246' title='bbox 244 1624 396 1657; x_wconf 85' lang='lat' dir='ltr'><strong>articulo</strong></span> <span class='ocrx_word' id='word_1_247' title='bbox 411 1625 585 1668; x_wconf 85' lang='lat' dir='ltr'><strong>superiori</strong></span> <span class='ocrx_word' id='word_1_248' title='bbox 602 1625 787 1659; x_wconf 82' lang='lat' dir='ltr'><strong>desinente</strong></span> <span class='ocrx_word' id='word_1_249' title='bbox 804 1629 865 1666; x_wconf 83' lang='grc' dir='ltr'>τὰς</span> <span class='ocrx_word' id='word_1_250' title='bbox 881 1629 1040 1671; x_wconf 83' lang='grc' dir='ltr'>τιμωρίας</span> <span class='ocrx_word' id='word_1_251' title='bbox 1056 1629 1189 1672; x_wconf 84' lang='grc' dir='ltr'>πιτίμια</span> <span class='ocrx_word' id='word_1_252' title='bbox 1206 1628 1320 1670; x_wconf 84' lang='grc' dir='ltr'>φασίν.</span> <span class='ocrx_word' id='word_1_253' title='bbox 1372 1626 1494 1670; x_wconf 84' lang='lat' dir='ltr'><strong>Pergit</strong></span> <span class='ocrx_word' id='word_1_254' title='bbox 1507 1627 1712 1669; x_wconf 80' lang='lat' dir='ltr'><strong>glossogra-</strong></span> 
     </span>
     <span class='ocr_line' id='line_1_28' title="bbox 243 1678 1710 1725; baseline 0.002 -14"><span class='ocrx_word' id='word_1_255' title='bbox 243 1678 336 1724; x_wconf 87' lang='lat' dir='ltr'><strong>phus</strong></span> <span class='ocrx_word' id='word_1_256' title='bbox 353 1681 390 1712; x_wconf 86' lang='lat' dir='ltr'><strong>et</strong></span> <span class='ocrx_word' id='word_1_257' title='bbox 407 1679 592 1713; x_wconf 70' lang='lat' dir='ltr'><strong>mendosae</strong></span> <span class='ocrx_word' id='word_1_258' title='bbox 611 1681 738 1723; x_wconf 87' lang='lat' dir='ltr'><strong>glossae</strong></span> <span class='ocrx_word' id='word_1_259' title='bbox 757 1684 887 1722; x_wconf 81' lang='grc' dir='ltr'>Πιτνὰς</span> <span class='ocrx_word' id='word_1_260' title='bbox 903 1681 1090 1725; x_wconf 83' lang='lat' dir='ltr'><strong>subjungit</strong></span> <span class='ocrx_word' id='word_1_261' title='bbox 1107 1683 1254 1715; x_wconf 89' lang='lat' dir='ltr'><strong>alteram</strong></span> <span class='ocrx_word' id='word_1_262' title='bbox 1274 1686 1403 1722; x_wconf 82' lang='grc' dir='ltr'>Πιτνεῖ,</span> <span class='ocrx_word' id='word_1_263' title='bbox 1418 1683 1547 1723; x_wconf 84' lang='grc' dir='ltr'>πίπτει,</span> <span class='ocrx_word' id='word_1_264' title='bbox 1562 1683 1710 1715; x_wconf 82' lang='grc' dir='ltr'>ἐκτείνει.</span> 
     </span>
     <span class='ocr_line' id='line_1_29' title="bbox 243 1733 1713 1781; baseline 0.002 -14"><span class='ocrx_word' id='word_1_265' title='bbox 243 1733 353 1768; x_wconf 87' lang='lat' dir='ltr'><strong>Falsa</strong></span> <span class='ocrx_word' id='word_1_266' title='bbox 378 1735 468 1769; x_wconf 81' lang='lat' dir='ltr'><strong>liaec.</strong></span> <span class='ocrx_word' id='word_1_267' title='bbox 519 1740 638 1769; x_wconf 87' lang='grc' dir='ltr'>Πιτνεῖ</span> <span class='ocrx_word' id='word_1_268' title='bbox 666 1737 815 1780; x_wconf 86' lang='lat' dir='ltr'><strong>quidem</strong></span> <span class='ocrx_word' id='word_1_269' title='bbox 839 1740 895 1771; x_wconf 83' lang='lat' dir='ltr'><strong>est</strong></span> <span class='ocrx_word' id='word_1_270' title='bbox 919 1737 1072 1774; x_wconf 78' lang='lat' dir='ltr'><strong>Cadere,</strong></span> <span class='ocrx_word' id='word_1_271' title='bbox 1089 1748 1214 1771; x_wconf 87' lang='lat' dir='ltr'><strong>verum</strong></span> <span class='ocrx_word' id='word_1_272' title='bbox 1242 1739 1386 1777; x_wconf 80' lang='grc' dir='ltr'>ἐκτείνει,</span> <span class='ocrx_word' id='word_1_273' title='bbox 1410 1748 1493 1781; x_wconf 83' lang='lat' dir='ltr'><strong>quae</strong></span> <span class='ocrx_word' id='word_1_274' title='bbox 1520 1740 1576 1771; x_wconf 85' lang='lat' dir='ltr'><strong>est</strong></span> <span class='ocrx_word' id='word_1_275' title='bbox 1601 1737 1713 1770; x_wconf 86' lang='lat' dir='ltr'><strong>altera</strong></span> 
     </span>
     <span class='ocr_line' id='line_1_30' title="bbox 244 1789 1708 1836; baseline 0.001 -14"><span class='ocrx_word' id='word_1_276' title='bbox 244 1789 438 1834; x_wconf 86' lang='lat' dir='ltr'><strong>expositio,</strong></span> <span class='ocrx_word' id='word_1_277' title='bbox 456 1791 572 1834; x_wconf 89' lang='lat' dir='ltr'><strong>poscit</strong></span> <span class='ocrx_word' id='word_1_278' title='bbox 590 1793 800 1826; x_wconf 76' lang='grc' dir='ltr'>ἐπιτείνει.</span> <span class='ocrx_word' id='word_1_279' title='bbox 852 1792 960 1833; x_wconf 87' lang='lat' dir='ltr'><strong>Quod</strong></span> <span class='ocrx_word' id='word_1_280' title='bbox 976 1792 1033 1826; x_wconf 89' lang='lat' dir='ltr'><strong>Tu</strong></span> <span class='ocrx_word' id='word_1_281' title='bbox 1050 1793 1084 1826; x_wconf 86' lang='lat' dir='ltr'><strong>iu</strong></span> <span class='ocrx_word' id='word_1_282' title='bbox 1100 1796 1280 1836; x_wconf 85' lang='lat' dir='ltr'><strong>posterum</strong></span> <span class='ocrx_word' id='word_1_283' title='bbox 1297 1802 1367 1824; x_wconf 88' lang='lat' dir='ltr'><strong>non</strong></span> <span class='ocrx_word' id='word_1_284' title='bbox 1381 1791 1564 1825; x_wconf 84' lang='lat' dir='ltr'><strong>dubitabis</strong></span> <span class='ocrx_word' id='word_1_285' title='bbox 1577 1792 1708 1834; x_wconf 84' lang='lat' dir='ltr'><strong>legere.</strong></span> 
     </span>
     <span class='ocr_line' id='line_1_31' title="bbox 244 1843 1709 1890; baseline 0.001 -12"><span class='ocrx_word' id='word_1_286' title='bbox 244 1843 387 1878; x_wconf 83' lang='lat' dir='ltr'><strong>Eodem</strong></span> <span class='ocrx_word' id='word_1_287' title='bbox 414 1848 522 1889; x_wconf 73' lang='lat' dir='ltr'><strong>pacto</strong></span> <span class='ocrx_word' id='word_1_288' title='bbox 540 1849 690 1889; x_wconf 80' lang='grc' dir='ltr'>Ληχὸϊον</span> <span class='ocrx_word' id='word_1_289' title='bbox 708 1850 835 1880; x_wconf 78' lang='grc' dir='ltr'>κανοῦν</span> <span class='ocrx_word' id='word_1_290' title='bbox 853 1849 891 1879; x_wconf 80' lang='grc' dir='ltr'><strong>οὐ</strong></span> <span class='ocrx_word' id='word_1_291' title='bbox 917 1850 1056 1890; x_wconf 82' lang='grc' dir='ltr'>λοχόῖον</span> <span class='ocrx_word' id='word_1_292' title='bbox 1074 1847 1242 1880; x_wconf 73' lang='lat' dir='ltr'><strong>restitues</strong></span> <span class='ocrx_word' id='word_1_293' title='bbox 1267 1849 1452 1890; x_wconf 78' lang='grc' dir='ltr'>οὐληχόϊον</span> <span class='ocrx_word' id='word_1_294' title='bbox 1468 1849 1596 1880; x_wconf 82' lang='grc' dir='ltr'>κανοῦν</span> <span class='ocrx_word' id='word_1_295' title='bbox 1612 1848 1709 1879; x_wconf 82' lang='grc' dir='ltr'>οὐλο-</span> 
     </span>
     <span class='ocr_line' id='line_1_32' title="bbox 244 1899 1709 1945; baseline 0.002 -14"><span class='ocrx_word' id='word_1_296' title='bbox 244 1900 353 1941; x_wconf 85' lang='grc' dir='ltr'>χόῖον,</span> <span class='ocrx_word' id='word_1_297' title='bbox 373 1901 411 1933; x_wconf 86' lang='lat' dir='ltr'><strong>et</strong></span> <span class='ocrx_word' id='word_1_298' title='bbox 427 1899 491 1932; x_wconf 89' lang='lat' dir='ltr'><strong>tibi</strong></span> <span class='ocrx_word' id='word_1_299' title='bbox 506 1900 703 1934; x_wconf 83' lang='lat' dir='ltr'><strong>conferenti</strong></span> <span class='ocrx_word' id='word_1_300' title='bbox 720 1901 825 1934; x_wconf 87' lang='lat' dir='ltr'><strong>fidem</strong></span> <span class='ocrx_word' id='word_1_301' title='bbox 844 1900 954 1934; x_wconf 85' lang='lat' dir='ltr'><strong>faciet</strong></span> <span class='ocrx_word' id='word_1_302' title='bbox 976 1902 1095 1944; x_wconf 81' lang='lat' dir='ltr'><strong>glossa</strong></span> <span class='ocrx_word' id='word_1_303' title='bbox 1113 1903 1312 1945; x_wconf 75' lang='grc' dir='ltr'>Οὑλοχόϊον.</span> <span class='ocrx_word' id='word_1_304' title='bbox 1363 1901 1407 1934; x_wconf 82' lang='grc' dir='ltr'>Ιι]</span> <span class='ocrx_word' id='word_1_305' title='bbox 1427 1901 1538 1938; x_wconf 75' lang='grc' dir='ltr'><strong>Μώὂιέ</strong></span> <span class='ocrx_word' id='word_1_306' title='bbox 1556 1901 1709 1934; x_wconf 86' lang='lat' dir='ltr'><strong>articulo</strong></span> 
     </span>
     <span class='ocr_line' id='line_1_33' title="bbox 243 1956 1710 2000; baseline 0.002 -13"><span class='ocrx_word' id='word_1_307' title='bbox 243 1965 316 1988; x_wconf 87' lang='lat' dir='ltr'><strong>non</strong></span> <span class='ocrx_word' id='word_1_308' title='bbox 335 1956 449 1998; x_wconf 83' lang='lat' dir='ltr'><strong>major</strong></span> <span class='ocrx_word' id='word_1_309' title='bbox 466 1956 610 1989; x_wconf 84' lang='lat' dir='ltr'><strong>sanitas.</strong></span> <span class='ocrx_word' id='word_1_310' title='bbox 661 1957 867 1990; x_wconf 89' lang='lat' dir='ltr'><strong>Substituas</strong></span> <span class='ocrx_word' id='word_1_311' title='bbox 884 1958 979 1990; x_wconf 88' lang='lat' dir='ltr'><strong>euim</strong></span> <span class='ocrx_word' id='word_1_312' title='bbox 998 1967 1061 2000; x_wconf 88' lang='lat' dir='ltr'><strong>pro</strong></span> <span class='ocrx_word' id='word_1_313' title='bbox 1079 1958 1202 1997; x_wconf 77' lang='grc' dir='ltr'>Μώδιξ,</span> <span class='ocrx_word' id='word_1_314' title='bbox 1220 1959 1341 1997; x_wconf 78' lang='grc' dir='ltr'>Φλὸξ,</span> <span class='ocrx_word' id='word_1_315' title='bbox 1367 1959 1516 2000; x_wconf 81' lang='grc' dir='ltr'>φλυκτὶς,</span> <span class='ocrx_word' id='word_1_316' title='bbox 1540 1957 1710 2000; x_wconf 79' lang='grc' dir='ltr'>Σμώδιξ,</span> 
     </span>
     <span class='ocr_line' id='line_1_34' title="bbox 245 2010 1710 2055; baseline 0 -12"><span class='ocrx_word' id='word_1_317' title='bbox 245 2011 370 2053; x_wconf 80' lang='grc' dir='ltr'>Φλὲψ,</span> <span class='ocrx_word' id='word_1_318' title='bbox 392 2012 541 2054; x_wconf 85' lang='grc' dir='ltr'>φλυκτίς.</span> <span class='ocrx_word' id='word_1_319' title='bbox 591 2010 725 2044; x_wconf 84' lang='lat' dir='ltr'><strong>Confer</strong></span> <span class='ocrx_word' id='word_1_320' title='bbox 750 2012 877 2055; x_wconf 78' lang='grc' dir='ltr'>Σμώδιξ</span> <span class='ocrx_word' id='word_1_321' title='bbox 904 2014 940 2044; x_wconf 76' lang='lat' dir='ltr'><strong>et</strong></span> <span class='ocrx_word' id='word_1_322' title='bbox 964 2011 1066 2053; x_wconf 78' lang='grc' dir='ltr'>Φλέψ.</span> <span class='ocrx_word' id='word_1_323' title='bbox 1118 2011 1161 2044; x_wconf 86' lang='lat' dir='ltr'><strong>ln</strong></span> <span class='ocrx_word' id='word_1_324' title='bbox 1180 2017 1195 2044; x_wconf 96' lang='lat' dir='ltr'>I</span> <span class='ocrx_word' id='word_1_325' title='bbox 1215 2011 1368 2053; x_wconf 84' lang='lat' dir='ltr'><strong>legimus</strong></span> <span class='ocrx_word' id='word_1_326' title='bbox 1386 2012 1599 2055; x_wconf 82' lang='grc' dir='ltr'>Ἰγνυντο,</span> <span class='ocrx_word' id='word_1_327' title='bbox 1616 2012 1710 2050; x_wconf 83' lang='grc' dir='ltr'>ἠνοί-</span> 
     </span>
     <span class='ocr_line' id='line_1_35' title="bbox 245 2065 1709 2111; baseline 0.001 -13"><span class='ocrx_word' id='word_1_328' title='bbox 245 2079 359 2110; x_wconf 82' lang='grc' dir='ltr'>γοντο.</span> <span class='ocrx_word' id='word_1_329' title='bbox 410 2065 495 2098; x_wconf 84' lang='lat' dir='ltr'><strong>Hoc</strong></span> <span class='ocrx_word' id='word_1_330' title='bbox 513 2068 589 2099; x_wconf 76' lang='lat' dir='ltr'><strong>erat</strong></span> <span class='ocrx_word' id='word_1_331' title='bbox 607 2068 819 2111; x_wconf 76' lang='grc' dir='ltr'>οἲγνυντο,</span> <span class='ocrx_word' id='word_1_332' title='bbox 839 2068 1032 2111; x_wconf 82' lang='grc' dir='ltr'>ἠνοίγοντο.</span> <span class='ocrx_word' id='word_1_333' title='bbox 1086 2066 1227 2100; x_wconf 77' lang='lat' dir='ltr'><strong>Ibidem</strong></span> <span class='ocrx_word' id='word_1_334' title='bbox 1252 2067 1373 2111; x_wconf 76' lang='grc' dir='ltr'>ἱερὸν,</span> <span class='ocrx_word' id='word_1_335' title='bbox 1391 2068 1545 2111; x_wconf 80' lang='grc' dir='ltr'>ἔνυγρον,</span> <span class='ocrx_word' id='word_1_336' title='bbox 1563 2067 1709 2110; x_wconf 82' lang='grc' dir='ltr'>ἀγαθὸν,</span> 
     </span>
     <span class='ocr_line' id='line_1_36' title="bbox 244 2121 1708 2166; baseline 0.001 -13"><span class='ocrx_word' id='word_1_337' title='bbox 244 2121 343 2165; x_wconf 81' lang='grc' dir='ltr'>μέγα,</span> <span class='ocrx_word' id='word_1_338' title='bbox 360 2121 454 2154; x_wconf 84' lang='grc' dir='ltr'>ὅσιον</span> <span class='ocrx_word' id='word_1_339' title='bbox 467 2123 521 2154; x_wconf 87' lang='grc' dir='ltr'><strong>καὶ</strong></span> <span class='ocrx_word' id='word_1_340' title='bbox 539 2123 633 2160; x_wconf 83' lang='grc' dir='ltr'>ναός.</span> <span class='ocrx_word' id='word_1_341' title='bbox 684 2121 738 2155; x_wconf 80' lang='lat' dir='ltr'><strong>Sit</strong></span> <span class='ocrx_word' id='word_1_342' title='bbox 755 2132 839 2154; x_wconf 81' lang='lat' dir='ltr'><strong>sane</strong></span> <span class='ocrx_word' id='word_1_343' title='bbox 852 2122 949 2166; x_wconf 81' lang='grc' dir='ltr'>μέγα,</span> <span class='ocrx_word' id='word_1_344' title='bbox 968 2122 1013 2154; x_wconf 84' lang='lat' dir='ltr'><strong>sit</strong></span> <span class='ocrx_word' id='word_1_345' title='bbox 1036 2122 1129 2155; x_wconf 83' lang='grc' dir='ltr'>ὅσιον</span> <span class='ocrx_word' id='word_1_346' title='bbox 1144 2124 1180 2154; x_wconf 76' lang='lat' dir='ltr'><strong>et</strong></span> <span class='ocrx_word' id='word_1_347' title='bbox 1198 2124 1292 2162; x_wconf 84' lang='grc' dir='ltr'>ναός.</span> <span class='ocrx_word' id='word_1_348' title='bbox 1343 2123 1392 2156; x_wconf 76' lang='lat' dir='ltr'><strong>At</strong></span> <span class='ocrx_word' id='word_1_349' title='bbox 1412 2122 1550 2155; x_wconf 82' lang='lat' dir='ltr'><strong>interea</strong></span> <span class='ocrx_word' id='word_1_350' title='bbox 1565 2123 1708 2166; x_wconf 78' lang='grc' dir='ltr'>ἔνυγρον</span> 
     </span>
     <span class='ocr_line' id='line_1_37' title="bbox 245 2176 1709 2221; baseline 0.001 -13"><span class='ocrx_word' id='word_1_351' title='bbox 245 2178 300 2208; x_wconf 87' lang='lat' dir='ltr'><strong>est</strong></span> <span class='ocrx_word' id='word_1_352' title='bbox 327 2176 477 2220; x_wconf 80' lang='grc' dir='ltr'>διερὸν.</span> <span class='ocrx_word' id='word_1_353' title='bbox 527 2178 657 2221; x_wconf 86' lang='grc' dir='ltr'>Διερόν·</span> <span class='ocrx_word' id='word_1_354' title='bbox 676 2178 793 2221; x_wconf 74' lang='grc' dir='ltr'>ὑγρόν·</span> <span class='ocrx_word' id='word_1_355' title='bbox 813 2178 957 2221; x_wconf 84' lang='grc' dir='ltr'>χλωρόν·</span> <span class='ocrx_word' id='word_1_356' title='bbox 975 2179 1073 2215; x_wconf 79' lang='grc' dir='ltr'>ζῶον·</span> <span class='ocrx_word' id='word_1_357' title='bbox 1093 2178 1243 2221; x_wconf 72' lang='grc' dir='ltr'>ἔναιμον,</span> <span class='ocrx_word' id='word_1_358' title='bbox 1262 2179 1333 2219; x_wconf 84' lang='lat' dir='ltr'><strong>etc,</strong></span> <span class='ocrx_word' id='word_1_359' title='bbox 1350 2179 1383 2217; x_wconf 93' lang='lat'><strong>†‚</strong></span> <span class='ocrx_word' id='word_1_360' title='bbox 1397 2178 1521 2220; x_wconf 81' lang='grc' dir='ltr'>Διερός·</span> <span class='ocrx_word' id='word_1_361' title='bbox 1539 2177 1709 2221; x_wconf 80' lang='grc' dir='ltr'>λαμπρός·</span> 
     </span>
     <span class='ocr_line' id='line_1_38' title="bbox 245 2230 1709 2276; baseline 0.001 -13"><span class='ocrx_word' id='word_1_362' title='bbox 245 2233 325 2268; x_wconf 79' lang='grc' dir='ltr'>ζῶν·</span> <span class='ocrx_word' id='word_1_363' title='bbox 350 2232 547 2275; x_wconf 76' lang='grc' dir='ltr'>περιφανὴς.</span> <span class='ocrx_word' id='word_1_364' title='bbox 599 2234 632 2272; x_wconf 86' lang='lat'><strong>†.</strong></span> <span class='ocrx_word' id='word_1_365' title='bbox 653 2235 796 2276; x_wconf 80' lang='grc' dir='ltr'>Διεροὺς,</span> <span class='ocrx_word' id='word_1_366' title='bbox 815 2232 981 2276; x_wconf 77' lang='grc' dir='ltr'>ὂιύγρους.</span> <span class='ocrx_word' id='word_1_367' title='bbox 1032 2231 1077 2264; x_wconf 81' lang='lat' dir='ltr'><strong>In</strong></span> <span class='ocrx_word' id='word_1_368' title='bbox 1095 2231 1197 2264; x_wconf 80' lang='lat' dir='ltr'><strong>litera</strong></span> <span class='ocrx_word' id='word_1_369' title='bbox 1215 2237 1240 2264; x_wconf 83' lang='grc' dir='ltr'>Θ</span> <span class='ocrx_word' id='word_1_370' title='bbox 1264 2231 1444 2264; x_wconf 80' lang='lat' dir='ltr'><strong>excidisse</strong></span> <span class='ocrx_word' id='word_1_371' title='bbox 1469 2230 1621 2264; x_wconf 74' lang='lat' dir='ltr'><strong>arbitror</strong></span> <span class='ocrx_word' id='word_1_372' title='bbox 1639 2241 1709 2264; x_wconf 84' lang='lat' dir='ltr'><strong>non</strong></span> 
     </span>
     <span class='ocr_line' id='line_1_39' title="bbox 245 2283 1710 2330; baseline 0 -12"><span class='ocrx_word' id='word_1_373' title='bbox 245 2286 398 2325; x_wconf 83' lang='lat' dir='ltr'><strong>literam,</strong></span> <span class='ocrx_word' id='word_1_374' title='bbox 425 2286 488 2319; x_wconf 85' lang='lat' dir='ltr'><strong>scd</strong></span> <span class='ocrx_word' id='word_1_375' title='bbox 519 2285 705 2329; x_wconf 81' lang='lat' dir='ltr'><strong>syllabam.</strong></span> <span class='ocrx_word' id='word_1_376' title='bbox 732 2288 978 2330; x_wconf 64' lang='grc' dir='ltr'>θαζόμενος,</span> <span class='ocrx_word' id='word_1_377' title='bbox 1005 2290 1181 2320; x_wconf 76' lang='grc' dir='ltr'>σκῶπτων.</span> <span class='ocrx_word' id='word_1_378' title='bbox 1234 2286 1412 2329; x_wconf 82' lang='lat' dir='ltr'><strong>Legerem</strong></span> <span class='ocrx_word' id='word_1_379' title='bbox 1436 2284 1533 2317; x_wconf 83' lang='lat' dir='ltr'><strong>enim</strong></span> <span class='ocrx_word' id='word_1_380' title='bbox 1558 2294 1606 2317; x_wconf 85' lang='lat' dir='ltr'><strong>ex</strong></span> <span class='ocrx_word' id='word_1_381' title='bbox 1629 2283 1710 2318; x_wconf 91' lang='lat' dir='ltr'><strong>He-</strong></span> 
     </span>
     <span class='ocr_line' id='line_1_40' title="bbox 246 2338 1709 2387; baseline -0.003 -12"><span class='ocrx_word' id='word_1_382' title='bbox 246 2342 345 2385; x_wconf 78' lang='lat' dir='ltr'><strong>sych.</strong></span> <span class='ocrx_word' id='word_1_383' title='bbox 359 2341 395 2374; x_wconf 92' lang='lat' dir='ltr'><strong>in</strong></span> <span class='ocrx_word' id='word_1_384' title='bbox 414 2342 566 2380; x_wconf 80' lang='grc' dir='ltr'>Τωθάζω,</span> <span class='ocrx_word' id='word_1_385' title='bbox 592 2344 904 2387; x_wconf 80' lang='grc' dir='ltr'>ΤωΘαζόμενος.</span> <span class='ocrx_word' id='word_1_386' title='bbox 956 2342 1052 2375; x_wconf 74' lang='lat' dir='ltr'><strong>Haec</strong></span> <span class='ocrx_word' id='word_1_387' title='bbox 1071 2351 1142 2373; x_wconf 87' lang='lat' dir='ltr'><strong>vox</strong></span> <span class='ocrx_word' id='word_1_388' title='bbox 1160 2341 1291 2374; x_wconf 89' lang='lat' dir='ltr'><strong>iterum</strong></span> <span class='ocrx_word' id='word_1_389' title='bbox 1309 2339 1561 2382; x_wconf 84' lang='lat' dir='ltr'><strong>corrumpitur.</strong></span> <span class='ocrx_word' id='word_1_390' title='bbox 1611 2338 1709 2371; x_wconf 83' lang='lat' dir='ltr'><strong>Nam</strong></span> 
     </span>
     <span class='ocr_line' id='line_1_41' title="bbox 245 2394 1711 2443; baseline -0.002 -14"><span class='ocrx_word' id='word_1_391' title='bbox 245 2407 309 2443; x_wconf 91' lang='lat' dir='ltr'><strong>pro</strong></span> <span class='ocrx_word' id='word_1_392' title='bbox 327 2398 523 2437; x_wconf 76' lang='grc' dir='ltr'>θωτάζει,</span> <span class='ocrx_word' id='word_1_393' title='bbox 542 2399 707 2441; x_wconf 78' lang='grc' dir='ltr'>ἐμπαίζει,</span> <span class='ocrx_word' id='word_1_394' title='bbox 730 2399 896 2441; x_wconf 78' lang='grc' dir='ltr'>χλευάζει,</span> <span class='ocrx_word' id='word_1_395' title='bbox 914 2397 1070 2440; x_wconf 84' lang='lat' dir='ltr'><strong>legerem</strong></span> <span class='ocrx_word' id='word_1_396' title='bbox 1097 2398 1291 2434; x_wconf 77' lang='grc' dir='ltr'>Τωθάζει.</span> <span class='ocrx_word' id='word_1_397' title='bbox 1341 2395 1386 2428; x_wconf 91' lang='lat' dir='ltr'><strong>In</strong></span> <span class='ocrx_word' id='word_1_398' title='bbox 1405 2400 1444 2428; x_wconf 91' lang='lat' dir='ltr'><strong>P.</strong></span> <span class='ocrx_word' id='word_1_399' title='bbox 1464 2394 1618 2437; x_wconf 86' lang='lat' dir='ltr'><strong>legimus</strong></span> <span class='ocrx_word' id='word_1_400' title='bbox 1634 2394 1711 2427; x_wconf 83' lang='grc' dir='ltr'>Ῥί-</span> 
     </span>
     <span class='ocr_line' id='line_1_42' title="bbox 237 2444 1713 2497; baseline -0.001 -12"><span class='ocrx_word' id='word_1_401' title='bbox 237 2444 408 2491; x_wconf 61' lang='grc' dir='ltr'>’σαντες,</span> <span class='ocrx_word' id='word_1_402' title='bbox 432 2453 735 2495; x_wconf 70' lang='grc' dir='ltr'>φιλονεικήσειντες.</span> <span class='ocrx_word' id='word_1_403' title='bbox 787 2453 889 2496; x_wconf 83' lang='lat' dir='ltr'><strong>Lego</strong></span> <span class='ocrx_word' id='word_1_404' title='bbox 916 2455 1148 2497; x_wconf 77' lang='grc' dir='ltr'>ἐρίσαντες.</span> <span class='ocrx_word' id='word_1_405' title='bbox 1199 2451 1245 2484; x_wconf 88' lang='lat' dir='ltr'><strong>In</strong></span> <span class='ocrx_word' id='word_1_406' title='bbox 1270 2451 1400 2483; x_wconf 81' lang='lat' dir='ltr'><strong>eadem</strong></span> <span class='ocrx_word' id='word_1_407' title='bbox 1426 2449 1531 2483; x_wconf 67' lang='lat' dir='ltr'><strong>litera</strong></span> <span class='ocrx_word' id='word_1_408' title='bbox 1556 2448 1713 2493; x_wconf 80' lang='grc' dir='ltr'>ῥαίδηλες</span> 
     </span>
     <span class='ocr_line' id='line_1_43' title="bbox 246 2505 1713 2551; baseline -0.001 -12"><span class='ocrx_word' id='word_1_409' title='bbox 246 2506 400 2551; x_wconf 73' lang='grc' dir='ltr'>ἐμφανές.</span> <span class='ocrx_word' id='word_1_410' title='bbox 451 2506 523 2539; x_wconf 87' lang='lat' dir='ltr'><strong>Ubi</strong></span> <span class='ocrx_word' id='word_1_411' title='bbox 542 2509 651 2541; x_wconf 85' lang='lat' dir='ltr'><strong>credo</strong></span> <span class='ocrx_word' id='word_1_412' title='bbox 670 2519 739 2541; x_wconf 77' lang='lat' dir='ltr'><strong>non</strong></span> <span class='ocrx_word' id='word_1_413' title='bbox 754 2509 924 2542; x_wconf 84' lang='lat' dir='ltr'><strong>extritam</strong></span> <span class='ocrx_word' id='word_1_414' title='bbox 944 2519 1021 2541; x_wconf 86' lang='lat' dir='ltr'><strong>esse</strong></span> <span class='ocrx_word' id='word_1_415' title='bbox 1038 2508 1180 2541; x_wconf 85' lang='lat' dir='ltr'><strong>literam</strong></span> <span class='ocrx_word' id='word_1_416' title='bbox 1199 2508 1342 2547; x_wconf 89' lang='lat' dir='ltr'><strong>ducem,</strong></span> <span class='ocrx_word' id='word_1_417' title='bbox 1357 2505 1420 2539; x_wconf 90' lang='lat' dir='ltr'><strong>sed</strong></span> <span class='ocrx_word' id='word_1_418' title='bbox 1445 2505 1713 2549; x_wconf 82' lang='lat' dir='ltr'><strong>transpositam,</strong></span> 
     </span>
     <span class='ocr_line' id='line_1_44' title="bbox 249 2560 1712 2609; baseline -0.002 -14"><span class='ocrx_word' id='word_1_419' title='bbox 249 2566 285 2595; x_wconf 85' lang='lat' dir='ltr'><strong>et</strong></span> <span class='ocrx_word' id='word_1_420' title='bbox 301 2561 372 2605; x_wconf 84' lang='lat' dir='ltr'><strong>legi</strong></span> <span class='ocrx_word' id='word_1_421' title='bbox 389 2565 486 2596; x_wconf 87' lang='lat' dir='ltr'><strong>recte</strong></span> <span class='ocrx_word' id='word_1_422' title='bbox 513 2564 678 2608; x_wconf 77' lang='grc' dir='ltr'>ἀρίδηλες.</span> <span class='ocrx_word' id='word_1_423' title='bbox 718 2564 861 2598; x_wconf 84' lang='lat' dir='ltr'><strong>Ibidem</strong></span> <span class='ocrx_word' id='word_1_424' title='bbox 881 2564 1010 2608; x_wconf 83' lang='lat' dir='ltr'><strong>legitur</strong></span> <span class='ocrx_word' id='word_1_425' title='bbox 1038 2564 1179 2609; x_wconf 78' lang='grc' dir='ltr'>ῥήγων</span> <span class='ocrx_word' id='word_1_426' title='bbox 1202 2564 1351 2606; x_wconf 78' lang='grc' dir='ltr'>βοηθῶν.</span> <span class='ocrx_word' id='word_1_427' title='bbox 1391 2561 1500 2602; x_wconf 85' lang='lat' dir='ltr'><strong>Quod</strong></span> <span class='ocrx_word' id='word_1_428' title='bbox 1515 2560 1600 2593; x_wconf 83' lang='lat' dir='ltr'><strong>nihil</strong></span> <span class='ocrx_word' id='word_1_429' title='bbox 1614 2561 1712 2593; x_wconf 89' lang='lat' dir='ltr'><strong>aliud</strong></span> 
     </span>
     <span class='ocr_line' id='line_1_45' title="bbox 250 2614 1713 2663; baseline -0.003 -11"><span class='ocrx_word' id='word_1_430' title='bbox 250 2621 317 2659; x_wconf 79' lang='lat' dir='ltr'><strong>est,</strong></span> <span class='ocrx_word' id='word_1_431' title='bbox 334 2628 443 2662; x_wconf 84' lang='lat' dir='ltr'><strong>quam</strong></span> <span class='ocrx_word' id='word_1_432' title='bbox 470 2619 647 2663; x_wconf 81' lang='grc' dir='ltr'>ἀρήγων.</span> <span class='ocrx_word' id='word_1_433' title='bbox 700 2619 746 2652; x_wconf 86' lang='lat' dir='ltr'><strong>In</strong></span> <span class='ocrx_word' id='word_1_434' title='bbox 763 2624 801 2652; x_wconf 88' lang='lat' dir='ltr'><strong>T.</strong></span> <span class='ocrx_word' id='word_1_435' title='bbox 821 2621 994 2663; x_wconf 81' lang='grc' dir='ltr'>τήτυμα,</span> <span class='ocrx_word' id='word_1_436' title='bbox 1018 2620 1148 2660; x_wconf 55' lang='grc' dir='ltr'>ἀληθῆ.</span> <span class='ocrx_word' id='word_1_437' title='bbox 1200 2618 1300 2661; x_wconf 84' lang='lat' dir='ltr'><strong>Lege</strong></span> <span class='ocrx_word' id='word_1_438' title='bbox 1328 2617 1527 2659; x_wconf 80' lang='grc' dir='ltr'>ἐτήτυμα.</span> <span class='ocrx_word' id='word_1_439' title='bbox 1577 2614 1623 2648; x_wconf 85' lang='lat' dir='ltr'><strong>In</strong></span> <span class='ocrx_word' id='word_1_440' title='bbox 1648 2614 1713 2648; x_wconf 88' lang='lat' dir='ltr'><strong>ho-</strong></span> 
     </span>
     <span class='ocr_line' id='line_1_46' title="bbox 250 2667 1714 2716; baseline -0.003 -10"><span class='ocrx_word' id='word_1_441' title='bbox 250 2684 331 2707; x_wconf 89' lang='lat' dir='ltr'><strong>rum</strong></span> <span class='ocrx_word' id='word_1_442' title='bbox 357 2673 538 2706; x_wconf 86' lang='lat' dir='ltr'><strong>nonnullis</strong></span> <span class='ocrx_word' id='word_1_443' title='bbox 564 2673 676 2706; x_wconf 89' lang='lat' dir='ltr'><strong>serius</strong></span> <span class='ocrx_word' id='word_1_444' title='bbox 701 2673 810 2706; x_wconf 89' lang='lat' dir='ltr'><strong>didici</strong></span> <span class='ocrx_word' id='word_1_445' title='bbox 836 2684 954 2706; x_wconf 86' lang='lat' dir='ltr'><strong>meam</strong></span> <span class='ocrx_word' id='word_1_446' title='bbox 971 2673 1087 2706; x_wconf 90' lang='lat' dir='ltr'><strong>Crisin</strong></span> <span class='ocrx_word' id='word_1_447' title='bbox 1106 2684 1184 2706; x_wconf 85' lang='lat' dir='ltr'><strong>esse</strong></span> <span class='ocrx_word' id='word_1_448' title='bbox 1208 2673 1438 2716; x_wconf 67' lang='lat' dir='ltr'><strong>praereptam.</strong></span> <span class='ocrx_word' id='word_1_449' title='bbox 1487 2667 1571 2701; x_wconf 87' lang='lat' dir='ltr'><strong>Non</strong></span> <span class='ocrx_word' id='word_1_450' title='bbox 1588 2668 1714 2711; x_wconf 82' lang='lat' dir='ltr'><strong>ignoro</strong></span> 
     </span>
     <span class='ocr_line' id='line_1_47' title="bbox 251 2722 1711 2773; baseline -0.004 -12"><span class='ocrx_word' id='word_1_451' title='bbox 251 2727 445 2773; x_wconf 86' lang='lat' dir='ltr'><strong>aliquando</strong></span> <span class='ocrx_word' id='word_1_452' title='bbox 470 2728 609 2769; x_wconf 79' lang='lat' dir='ltr'><strong>literam</strong></span> <span class='ocrx_word' id='word_1_453' title='bbox 636 2727 836 2771; x_wconf 84' lang='lat' dir='ltr'><strong>principem</strong></span> <span class='ocrx_word' id='word_1_454' title='bbox 857 2728 1014 2761; x_wconf 88' lang='lat' dir='ltr'><strong>deficere</strong></span> <span class='ocrx_word' id='word_1_455' title='bbox 1032 2738 1079 2761; x_wconf 86' lang='lat' dir='ltr'><strong>ex</strong></span> <span class='ocrx_word' id='word_1_456' title='bbox 1098 2726 1221 2771; x_wconf 89' lang='lat' dir='ltr'><strong>populi</strong></span> <span class='ocrx_word' id='word_1_457' title='bbox 1241 2725 1396 2768; x_wconf 86' lang='lat' dir='ltr'><strong>alicujus</strong></span> <span class='ocrx_word' id='word_1_458' title='bbox 1412 2725 1476 2757; x_wconf 85' lang='lat' dir='ltr'><strong>aut</strong></span> <span class='ocrx_word' id='word_1_459' title='bbox 1492 2722 1610 2765; x_wconf 83' lang='lat' dir='ltr'><strong>gentis</strong></span> <span class='ocrx_word' id='word_1_460' title='bbox 1626 2733 1711 2756; x_wconf 85' lang='lat' dir='ltr'><strong>con-</strong></span> 
     </span>
     <span class='ocr_line' id='line_1_48' title="bbox 250 2776 1713 2827; baseline -0.004 -11"><span class='ocrx_word' id='word_1_461' title='bbox 250 2783 454 2816; x_wconf 75' lang='lat' dir='ltr'><strong>suetudine.</strong></span> <span class='ocrx_word' id='word_1_462' title='bbox 505 2782 666 2826; x_wconf 64' lang='grc' dir='ltr'>ΙῐῆἽγα,</span> <span class='ocrx_word' id='word_1_463' title='bbox 691 2780 801 2815; x_wconf 69' lang='grc' dir='ltr'>σιώτέα</span> <span class='ocrx_word' id='word_1_464' title='bbox 819 2784 974 2827; x_wconf 77' lang='grc' dir='ltr'>Κύπριοι.</span> <span class='ocrx_word' id='word_1_465' title='bbox 1024 2782 1123 2824; x_wconf 84' lang='lat' dir='ltr'><strong>Ergo</strong></span> <span class='ocrx_word' id='word_1_466' title='bbox 1151 2791 1223 2813; x_wconf 86' lang='lat' dir='ltr'><strong>nou</strong></span> <span class='ocrx_word' id='word_1_467' title='bbox 1249 2783 1383 2813; x_wconf 85' lang='lat' dir='ltr'><strong>temere</strong></span> <span class='ocrx_word' id='word_1_468' title='bbox 1409 2776 1567 2814; x_wconf 88' lang='lat' dir='ltr'><strong>Librarii</strong></span> <span class='ocrx_word' id='word_1_469' title='bbox 1592 2788 1713 2811; x_wconf 85' lang='lat' dir='ltr'><strong>socor-</strong></span> 
     </span>
     <span class='ocr_line' id='line_1_49' title="bbox 251 2832 1713 2881; baseline -0.003 -11"><span class='ocrx_word' id='word_1_470' title='bbox 251 2836 321 2870; x_wconf 88' lang='lat' dir='ltr'><strong>diae</strong></span> <span class='ocrx_word' id='word_1_471' title='bbox 338 2835 548 2881; x_wconf 88' lang='lat' dir='ltr'><strong>imputabis,</strong></span> <span class='ocrx_word' id='word_1_472' title='bbox 562 2836 663 2880; x_wconf 86' lang='lat' dir='ltr'><strong>quod</strong></span> <span class='ocrx_word' id='word_1_473' title='bbox 680 2835 803 2879; x_wconf 92' lang='lat' dir='ltr'><strong>populi</strong></span> <span class='ocrx_word' id='word_1_474' title='bbox 820 2836 978 2879; x_wconf 89' lang='lat' dir='ltr'><strong>alicujus</strong></span> <span class='ocrx_word' id='word_1_475' title='bbox 994 2835 1142 2869; x_wconf 86' lang='lat' dir='ltr'><strong>consilio</strong></span> <span class='ocrx_word' id='word_1_476' title='bbox 1159 2834 1217 2867; x_wconf 89' lang='lat' dir='ltr'><strong>vel</strong></span> <span class='ocrx_word' id='word_1_477' title='bbox 1241 2834 1368 2866; x_wconf 89' lang='lat' dir='ltr'><strong>saltem</strong></span> <span class='ocrx_word' id='word_1_478' title='bbox 1385 2842 1455 2865; x_wconf 89' lang='lat' dir='ltr'><strong>usu</strong></span> <span class='ocrx_word' id='word_1_479' title='bbox 1473 2834 1529 2866; x_wconf 89' lang='lat' dir='ltr'><strong>est</strong></span> <span class='ocrx_word' id='word_1_480' title='bbox 1550 2832 1713 2866; x_wconf 88' lang='lat' dir='ltr'><strong>introdu-</strong></span> 
     </span>
     <span class='ocr_line' id='line_1_50' title="bbox 251 2886 1715 2934; baseline -0.003 -10"><span class='ocrx_word' id='word_1_481' title='bbox 251 2893 367 2925; x_wconf 88' lang='lat' dir='ltr'><strong>ctum.</strong></span> <span class='ocrx_word' id='word_1_482' title='bbox 418 2889 624 2934; x_wconf 87' lang='lat' dir='ltr'><strong>Hesychius</strong></span> <span class='ocrx_word' id='word_1_483' title='bbox 646 2890 755 2931; x_wconf 88' lang='lat' dir='ltr'><strong>enim,</strong></span> <span class='ocrx_word' id='word_1_484' title='bbox 772 2890 834 2934; x_wconf 93' lang='lat' dir='ltr'><strong>qui</strong></span> <span class='ocrx_word' id='word_1_485' title='bbox 858 2889 1022 2934; x_wconf 87' lang='lat' dir='ltr'><strong>gentium</strong></span> <span class='ocrx_word' id='word_1_486' title='bbox 1041 2899 1221 2922; x_wconf 89' lang='lat' dir='ltr'><strong>sermones</strong></span> <span class='ocrx_word' id='word_1_487' title='bbox 1239 2889 1416 2921; x_wconf 89' lang='lat' dir='ltr'><strong>memorat</strong></span> <span class='ocrx_word' id='word_1_488' title='bbox 1431 2892 1564 2920; x_wconf 77' lang='lat' dir='ltr'><strong>centum</strong></span> <span class='ocrx_word' id='word_1_489' title='bbox 1581 2886 1654 2920; x_wconf 88' lang='lat' dir='ltr'><strong>fere</strong></span> <span class='ocrx_word' id='word_1_490' title='bbox 1677 2890 1715 2921; x_wconf 90' lang='lat' dir='ltr'><strong>et</strong></span> 
     </span>
     <span class='ocr_line' id='line_1_51' title="bbox 250 2941 1714 2991; baseline -0.002 -13"><span class='ocrx_word' id='word_1_491' title='bbox 250 2946 415 2991; x_wconf 72' lang='lat' dir='ltr'><strong>triginta,</strong></span> <span class='ocrx_word' id='word_1_492' title='bbox 434 2945 640 2991; x_wconf 83' lang='lat' dir='ltr'><strong>aliquando,</strong></span> <span class='ocrx_word' id='word_1_493' title='bbox 657 2945 770 2979; x_wconf 90' lang='lat' dir='ltr'><strong>immo</strong></span> <span class='ocrx_word' id='word_1_494' title='bbox 783 2945 992 2990; x_wconf 71' lang='lat' dir='ltr'><strong>saepissime,</strong></span> <span class='ocrx_word' id='word_1_495' title='bbox 1006 2943 1259 2978; x_wconf 88' lang='lat' dir='ltr'><strong>auctoritatem</strong></span> <span class='ocrx_word' id='word_1_496' title='bbox 1273 2952 1376 2976; x_wconf 86' lang='lat' dir='ltr'><strong>suam</strong></span> <span class='ocrx_word' id='word_1_497' title='bbox 1390 2942 1529 2985; x_wconf 88' lang='lat' dir='ltr'><strong>reticet,</strong></span> <span class='ocrx_word' id='word_1_498' title='bbox 1545 2941 1714 2976; x_wconf 89' lang='lat' dir='ltr'><strong>dissimu-</strong></span> 
     </span>
     <span class='ocr_line' id='line_1_52' title="bbox 252 2996 1713 3047; baseline -0.004 -11"><span class='ocrx_word' id='word_1_499' title='bbox 252 3001 326 3036; x_wconf 83' lang='lat' dir='ltr'><strong>lato</strong></span> <span class='ocrx_word' id='word_1_500' title='bbox 341 3001 487 3037; x_wconf 88' lang='lat' dir='ltr'><strong>nomine</strong></span> <span class='ocrx_word' id='word_1_501' title='bbox 502 3001 605 3036; x_wconf 89' lang='lat' dir='ltr'><strong>istius</strong></span> <span class='ocrx_word' id='word_1_502' title='bbox 620 3001 758 3047; x_wconf 90' lang='lat' dir='ltr'><strong>populi,</strong></span> <span class='ocrx_word' id='word_1_503' title='bbox 777 3000 840 3046; x_wconf 92' lang='lat' dir='ltr'><strong>qui</strong></span> <span class='ocrx_word' id='word_1_504' title='bbox 857 3001 1055 3035; x_wconf 86' lang='lat' dir='ltr'><strong>dialectum</strong></span> <span class='ocrx_word' id='word_1_505' title='bbox 1071 2997 1239 3034; x_wconf 80' lang='lat' dir='ltr'><strong>formavit</strong></span> <span class='ocrx_word' id='word_1_506' title='bbox 1255 2999 1319 3034; x_wconf 88' lang='lat' dir='ltr'><strong>aut</strong></span> <span class='ocrx_word' id='word_1_507' title='bbox 1336 2996 1543 3034; x_wconf 89' lang='lat' dir='ltr'><strong>celebravit.</strong></span> <span class='ocrx_word' id='word_1_508' title='bbox 1571 2997 1713 3031; x_wconf 82' lang='grc' dir='ltr'>Βὸάλλει</span> 
     </span>
    </p>
   </div>
  </div>
 </body>
</html>
