1870 3229
815 602 1198 650 ΛΥΣΙΟΥ

514 751 775 797 ΚΑΤΑ
856 750 1501 798 ΑΛΚΙΒΙΑΔΟΥ

719 878 1276 921 ΑΣΤΡΑΤΕΙΑΣ.

790 1092 1224 1131 ΥΠΟΘΕΣΙΣ.

332 1188 409 1217 Haec
424 1187 529 1218 Oratio
545 1187 650 1226 (quam
667 1188 768 1226 1,stae
786 1188 936 1225 abjudico.
955 1190 1041 1226 cujus
1059 1199 1162 1218 nomen
1180 1189 1208 1217 in
1230 1189 1378 1227 aliquibus
1395 1189 1492 1218 codd.
1513 1198 1570 1217 non
1587 1189 1720 1226 praefert,

289 1241 386 1270 neque
400 1242 433 1260 ea
450 1237 547 1260 tamen
565 1231 752 1260 solummodo
769 1232 882 1260 ratione
900 1231 1058 1270 abjudieo)
1075 1232 1200 1260 eundem
1219 1232 1403 1260 Alcibiadem
1420 1231 1554 1260 confodit
1569 1232 1671 1261 eadem
1689 1232 1718 1260 in

289 1284 388 1304 causa.

290 1318 336 1346 vel
356 1317 431 1345 male
448 1317 529 1356 prior
552 1316 739 1355 λειποταξίου.

289 1361 383 1388 ambae
399 1361 535 1388 eandem.

434 1275 515 1303 Male
531 1284 603 1312 ergo
620 1274 792 1303 inscribitur
815 1274 987 1312 ἀστρατείας
1009 1275 1080 1314 (pro
1103 1285 1160 1312 quo
1176 1275 1273 1303 Codd.
1298 1275 1390 1303 nostri
1407 1274 1518 1312 ubique
1543 1273 1717 1314 ἀστρατίας)

786 1317 891 1355 Neque
909 1317 985 1345 enim
1004 1318 1121 1354 sinaut-<1
1138 1317 1234 1346 oratio
1264 1317 1408 1355 singulam
1433 1317 1525 1345 αἰτίαν
1549 1317 1648 1352 habet,
1662 1317 1716 1345 sed

579 1360 689 1388 Contra
705 1371 825 1399 στρατη)
828 1371 878 1391 ους
891 1361 965 1388 bene
979 1341 1070 1388 multa
1087 1360 1288 1398 disputantur,
1303 1370 1427 1398 qnorum
1443 1370 1532 1396 quum
1549 1359 1639 1388 fuerit
1655 1360 1716 1388 offi-

194 1400 270 1439 Pag.
289 1402 367 1431 cium
383 1402 465 1431 litem
483 1412 671 1440 piomoveigye
690 1402 718 1429 id
743 1403 866 1431 alienius
884 1412 949 1431 esse
971 1403 1151 1436 ostenditur,
1166 1408 1198 1432 ut
1213 1412 1266 1440 pro
1290 1402 1328 1432 iis
1345 1402 1528 1431 intercedant
1546 1412 1621 1440 quos
1633 1402 1716 1441 judi·
1737 1398 1808 1436 pag·

222 1443 271 1474 ed.

163 1485 272 1517 Reisk.

289 1446 400 1474 candos
418 1445 567 1474 stiterunt.

1735 1440 1783 1469 ed.

1737 1484 1778 1511 H.
1783 1483 1870 1524 step}

194 1533 270 1569 557
289 1519 346 1572 α’.
390 1530 524 1571 ΕΓΩ
554 1518 649 1589 μὲν,
680 1520 713 1570 εἷ
740 1517 882 1612 ἄνδρες
907 1518 1137 1581 Samo-roc),
1174 1545 1250 1571 και
1276 1544 1391 1590 υμας
1415 1519 1626 1589 αἷτουμαι
1654 1545 1714 1572 τοι
1735 1529 1824 1565 144·
1842 1533 1870 1566 1

288 1593 440 1646 Sanam
466 1592 773 1661 ψηφίσασθαι,
801 1593 877 1646 xxi
906 1619 986 1646 των
1013 1618 1277 1669 στρατηγων
1306 1592 1519 1665 δεομαι,
1504 1592 1605 1646 evei
1638 1617 1714 1646 και

331 1700 573 1740 ΑΣΤΡΑΤΕΙΑΣ]
601 1700 719 1735 Dicam,
738 1710 830 1738 qnare
849 1711 903 1729 non
921 1700 987 1730 exi·

289 1743 406 1773 stimem
429 1743 505 1772 banc
526 1754 592 1772 esse
614 1743 731 1772 Novam
754 1748 783 1771 et
802 1743 951 1773 diversam
971 1753 987 1772 a

288 1787 389 1826 priore
406 1786 575 1815 Actionem.
621 1785 732 1820 Primo,
754 1786 986 1824 Harpocration,

289 1830 339 1867 qui
357 1829 493 1859 Actionis
512 1827 695 1866 Λειποταξίου
716 1830 860 1864 meminit,
878 1829 986 1858 nullam

289 1870 477 1910 Ἀστρατείας
505 1872 685 1901 mentionem
713 1871 795 1900 facit.
845 1873 904 1901 sed
930 1872 986 1901 hoc

288 1916 374 1953 parvi
399 1920 445 1943 est
468 1914 626 1943 momenti:
652 1914 772 1952 majoris
796 1914 890 1949 istud,
907 1915 984 1953 quod

287 1958 317 1986 iu
335 1958 418 1986 Orat.
438 1957 529 1985 xiv.
554 1956 807 1985 Arohestratidem
824 1957 897 1986 dicit
913 1959 986 1987 Ora-

287 2003 335 2028 tor
349 2000 478 2037 primum
495 2005 524 2028 et
542 1999 725 2038 praecipuum
740 1999 832 2028 fuisse
846 2000 985 2029 Actorem

288 2048 391 2072 contra
425 2041 613 2071 Alcibiadem
629 2052 635 2078 ;
665 2052 697 2069 se
734 2052 807 2070 vero
838 2043 984 2072 secundas

287 2089 401 2114 tantum
426 2085 514 2113 ferre.
557 2084 649 2122 Atqui
673 2084 751 2112 idem
778 2084 933 2123 profitetur
957 2086 985 2114 in

286 2127 341 2157 hac
358 2137 476 2166 quoque
492 2127 648 2161 Oratione,
664 2127 704 2155 Se
721 2137 827 2164 nempe
843 2129 987 2165 suppetias

274 2170 362 2210 ferre
377 2170 472 2199 amico
493 2181 546 2199 suo
562 2170 794 2199 Areliestratidi.
837 2171 909 2199 Cum
929 2171 983 2210 igi-

286 2218 335 2242 tur
352 2215 478 2242 Actores
493 2213 584 2241 iidem
602 2212 661 2241 sint
679 2213 706 2241 in
724 2217 858 2251 utraque,
880 2213 985 2243 Proba-

286 2256 341 2285 bile
357 2261 403 2285 est
418 2256 490 2294 (non
509 2256 575 2284 dico
592 2254 727 2293 Necesse)
743 2256 898 2285 Actionem
913 2266 984 2294 quo-

286 2309 343 2337 que
366 2299 460 2328 Unam
487 2305 516 2327 et
539 2298 663 2327 eandem
691 2298 804 2334 suisse3
828 2303 858 2327 et
883 2299 986 2328 Conti-

286 2351 384 2376 nuam,
405 2346 436 2370 ut
456 2341 534 2369 idem
557 2340 595 2369 sit
618 2341 859 2370 Archestratides
880 2342 908 2370 in
930 2342 985 2370 fine

286 2384 450 2417 Orationis,
461 2384 549 2420 quiin
566 2383 715 2422 principio
730 2384 801 2412 suit:
821 2385 985 2422 praesertiln

286 2436 354 2455 oum
381 2426 524 2455 Rationes
550 2426 750 2465 susceptionis
774 2437 872 2455 causae
899 2428 984 2464 hujus

286 2469 316 2498 in
339 2474 463 2506 utraque
488 2468 632 2497 Oratione
657 2470 768 2498 eaedem
794 2470 983 2507 allegentur-3

286 2512 352 2541 scil.
381 2511 523 2540 Amicitia
554 2522 625 2546 erga
657 2512 923 2547 Mobeni-aridem,
955 2518 984 2542 et

286 2554 450 2583 Inimicitia
477 2563 548 2591 erga
572 2554 770 2583 Alcibiadem.
820 2557 877 2584 Sed
903 2556 984 2593 quod

284 2596 410 2626 maximi
423 2600 468 2625 est
480 2596 630 2634 ponderis,
641 2596 756 2625 etmihi
769 2597 888 2626 videtur
899 2608 984 2636 paene

285 2638 484 2674 ἀποδεικτικὸν,
507 2639 562 2667 lioc
577 2643 641 2667 est:
665 2639 749 2668 Licet
766 2640 923 2677 aliquando
939 2640 983 2669 di-

286 2693 382 2712 versae
395 2692 443 2711 res
456 2686 555 2711 essent
570 2681 748 2719 Λειποτίιξιον
759 2687 786 2710 et
799 2680 983 2720 Ἀστρατεία,

286 2730 316 2755 et
331 2726 462 2754 diversae
487 2723 627 2753 Actiones
643 2724 784 2752 darentur
801 2725 829 2752 in
847 2735 914 2753 reos
933 2725 983 2753 ho-

285 2778 351 2797 rum
368 2767 534 2801 criminum,
550 2771 646 2795 tamen
669 2766 698 2794 in
723 2767 776 2794 hac
795 2777 885 2795 causa
899 2767 983 2795 Alci-

287 2811 384 2839 biadis
399 2810 478 2839 idem
496 2814 589 2838 erant.
612 2808 749 2837 nimirum
770 2805 844 2837 Diiae
866 2809 983 2847 species

207 2851 215 2858 ’
242 2850 245 2852 ’
287 2858 370 2883 erant
386 2850 586 2890 Λειποταξίου,
600 2856 629 2881 et
649 2852 725 2880 Duae
741 2850 936 2890 Ἀστρατείας,
955 2851 983 2879 in

289 2906 345 2925 una
368 2896 481 2933 specie,
505 2895 568 2924 haec
593 2893 718 2923 crimina
742 2894 829 2933 longe
853 2894 929 2923 inter
952 2904 984 2923 se

287 2938 494 2971 dissidebant3
526 2938 604 2966 unde
637 2937 858 2966 Demosthenes
882 2940 985 2965 contra

287 2982 448 3011 Timocrat.
463 2977 603 3010 diversos
616 2980 686 3009 facit
701 2980 763 3013 τοὺς
778 2978 985 3018 ἀστρατεύτους

1020 1705 1050 1729 et
1065 1711 1128 1733 τους
1140 1698 1285 1733 λείποντας
1295 1700 1348 1733 τὰς
1362 1698 1476 1738 vigeam
1499 1704 1528 1728 et
1543 1699 1715 1729 Andocides

1020 1743 1057 1772 de
1083 1744 1343 1791 Myster.p310.
1372 1745 1422 1772 21.
1451 1742 1498 1772 ed.
1525 1743 1630 1781 steph.
1680 1744 1714 1772 In

1020 1786 1113 1815 altera
1132 1785 1245 1823 specie,
1261 1785 1290 1814 in
1311 1795 1369 1824 qua
1385 1790 1519 1815 versatur
1540 1786 1604 1815 haec
1626 1795 1716 1815 causa

1020 1828 1199 1862 Alcibiadis,
1216 1828 1433 1857 coincidebant.
1460 1838 1529 1857 reus
1553 1828 1629 1857 enim
1654 1831 1715 1857 erat

1020 1871 1195 1900 Alcibiades
1224 1870 1418 1908 Λειποταξίου,
1444 1871 1514 1909 quia
1542 1871 1717 1900 deseruerat

1018 1915 1171 1952 pedestrem
1186 1913 1321 1942 militiam
1337 1919 1367 1942 et
1383 1914 1498 1951 injussu
1511 1914 1717 1951 Strategorum

1020 1956 1200 1994 migraverat
1228 1956 1256 1985 in
1285 1961 1447 1995 equestrem,
1473 1959 1563 1993 prout
1591 1965 1628 1984 ex
1655 1959 1719 1985 tota

1020 1999 1148 2028 Actione
1180 2003 1280 2036 patet:
1313 1996 1501 2037 Ἀστρατείας
1535 2008 1607 2027 vero
1637 2008 1718 2034 reus,

1020 2042 1090 2080 quia
1110 2052 1166 2070 non
1188 2046 1396 2079 comparuerat
1416 2042 1444 2070 in
1458 2041 1580 2079 pedestri
1600 2041 1718 2076 militia,

1020 2089 1051 2112 ut
1081 2084 1147 2123 ipse
1171 2085 1279 2113 Orator
1307 2083 1404 2122 arguit
1427 2083 1513 2119 infra,
1536 2088 1566 2113 et
1590 2084 1619 2112 in
1644 2083 1719 2113 hauc

1020 2137 1079 2155 rem
1103 2127 1222 2156 Solonis
1247 2128 1355 2164 Legem
1373 2126 1456 2161 citat,
1474 2131 1504 2155 ut
1520 2128 1628 2165 probet
1643 2126 1720 2156 banc

1020 2179 1087 2198 esse
1101 2167 1285 2209 Ἀστρατείαν
1295 2169 1319 2198 si
1335 2169 1402 2207 quis
1413 2167 1438 2198 ἐν
1449 2169 1487 2209 τῇ
1501 2168 1594 2209 πεζῇ
1608 2180 1719 2209 στρα-

1019 2212 1083 2252 τιᾷ
1103 2214 1144 2251 μὴ
1161 2213 1245 2253 παρῇ.
1273 2213 1338 2242 Jam
1358 2222 1429 2241 vero
1446 2212 1594 2249 quodnam
1610 2211 1719 2241 discri-

1020 2256 1107 2284 men?
1133 2260 1162 2284 et
1179 2256 1328 2294 quomodo
1349 2254 1478 2283 diversae
1499 2258 1528 2283 et
1547 2254 1620 2284 Duoe
1636 2253 1719 2283 Acti-

1020 2308 1102 2333 ones,
1119 2309 1186 2327 cum
1203 2309 1239 2327 ex
1263 2299 1318 2327 hoc
1336 2298 1413 2335 ipso,
1430 2297 1509 2335 quod
1527 2295 1719 2336 Λειωοταξίου

1020 2346 1082 2370 erat
1100 2351 1179 2375 reus,
1197 2351 1265 2370 reus
1282 2345 1363 2370 esset
1377 2338 1562 2377 Ἀστρατείας
1576 2350 1715 2378 quoque;

1019 2387 1048 2412 et
1072 2395 1108 2413 ex
1134 2395 1180 2416 eo,
1205 2384 1285 2422 quod
1301 2382 1488 2422 Ἀστρατείας
1509 2392 1590 2417 reus,
1607 2382 1636 2410 in
1661 2382 1717 2411 hoc

1018 2436 1088 2456 casu
1105 2426 1295 2464 Λειτποταξίου
1308 2435 1426 2464 quoque
1438 2425 1527 2454 reus?
1551 2430 1580 2453 et
1594 2425 1661 2454 hinc
1674 2425 1716 2460 fit,

1017 2470 1095 2507 quod
1121 2480 1187 2498 cum
1210 2468 1328 2498 Solonis
1348 2469 1411 2496 Lex
1434 2468 1472 2496 de
1494 2467 1548 2496 hac
1565 2478 1595 2496 re
1616 2466 1718 2497 Trium

1017 2512 1206 2541 diversorum
1233 2511 1388 2540 criminum
1414 2510 1593 2539 mentionem
1618 2510 1717 2545 faciat,

1018 2553 1212 2592 Λειποταξίου,
1227 2551 1424 2593 Ἀστρατείας,
1448 2558 1478 2582 et
1502 2554 1624 2588 Δειλίας,
1643 2563 1716 2591 quo-

1016 2607 1080 2626 rum
1107 2597 1292 2636 singulorum
1323 2606 1411 2634 poena
1437 2600 1500 2624 erat
1529 2593 1660 2634 Infamia
1687 2600 1717 2625 et

1018 2639 1163 2669 Bonorum
1198 2639 1367 2678 Confiscatio
1400 2638 1507 2679 (adeas
1540 2637 1715 2667 AEschtnem

1016 2682 1162 2710 adversus
1188 2681 1414 2719 Ctesiphontem
1439 2679 1465 2718 ᾗ.
1493 2678 1567 2718 wast).
1593 2682 1715 2716 Noster,

1018 2726 1089 2752 liano
1112 2725 1221 2761 Legem
1248 2724 1401 2760 proferens
1422 2723 1564 2752 adversus
1583 2723 1716 2753 Alcibia-

1017 2767 1094 2801 dem,
1109 2766 1241 2795 Dnorum
1254 2770 1365 2795 tantum
1376 2764 1521 2800 meminit,
1535 2764 1716 2804 Λειποταξίου

1016 2813 1045 2837 et
1062 2807 1184 2842 Δειλίας,
1200 2808 1311 2837 omissa
1326 2806 1511 2847 Ἀστρατείᾳ,
1527 2818 1613 2846 qnam
1632 2809 1716 2838 novit

1017 2851 1045 2880 in
1060 2850 1114 2879 hac
1129 2861 1217 2880 causa
1233 2849 1444 2888 comprehendi
1458 2852 1512 2879 sub
1523 2849 1712 2890 Λειποταξίῳι

1017 2898 1047 2922 et
1065 2897 1161 2922 tamen
1179 2893 1278 2933 (quod
1301 2894 1377 2923 hanc
1399 2903 1459 2922 rem
1483 2898 1568 2923 extra
1591 2894 1712 2923 dubium

1017 2934 1120 2976 ponit)
1135 2937 1224 2975 paulo
1247 2940 1315 2975 post
1334 2936 1420 2972 dicit,
1443 2935 1629 2966 Alcibiadem
1655 2946 1712 2966 το-

1016 2988 1094 3009 ·rms
1111 2978 1198 3017 hujus
1214 2978 1299 3019 Legis
1314 2977 1396 3019 (quae
1419 2978 1499 3014 Tria,
1515 2983 1547 3008 ut
1561 2979 1638 3015 dixi,
1655 2979 1712 3009 cri-
