1839 3229
306 198 329 236 8
869 198 901 237 I.
935 196 1195 237 TAYLORI

303 301 544 351 negligenter
564 300 856 347 administravit,
880 302 954 338 sive
983 302 1037 339 rei
1066 303 1168 339 mole
1190 308 1227 338 et
1255 300 1515 351 magnitudine
1536 313 1754 351 oppressus,

304 362 384 400 sive
415 362 592 410 δεινότητι
620 376 708 401 vere
737 363 903 412 Critica‚
933 376 1023 412 quae
1046 363 1143 401 falsa
1164 376 1187 400 a
1207 363 1304 401 veris
1326 362 1524 408 discernit,
1544 362 1752 402 destitutus

301 427 340 472 (a
360 424 502 462 Photio
523 430 629 462 certe
650 424 749 462 Cod.
777 428 869 462 265.
890 427 961 476 οὐχ
987 425 1110 468 ἱκανὸς
1145 426 1281 475 κρίνειν
1311 427 1639 474 repraesentatur),
1661 426 1754 463 istos

304 485 598 523 commentarios
621 485 744 523 minus
763 498 865 535 aegre
883 484 1040 524 ferimus
1060 486 1310 536 interceptos.

356 547 525 584 Multum
553 547 687 596 utique
715 546 912 585 conferret
944 548 991 585 ad
1021 553 1173 586 nostros
1200 548 1417 598 Scriptores
1443 547 1703 595 illustrandos,
1723 549 1753 586 si

303 614 499 646 exstarent
527 615 754 659 argumenta
775 609 1020 655 Orafionum,
1047 623 1136 660 quae
1163 609 1445 648 concinnarunt
1464 609 1628 659 Antiqui
1656 623 1752 647 non-

303 669 411 708 nulli.
451 670 497 708 In
517 683 564 708 ea
578 670 712 707 Classe
732 671 915 708 censendi
937 677 1026 709 sunt
1044 671 1273 709 Posidonius
1295 670 1542 722 Olbiopolita
1557 671 1751 721 Sophista,

303 731 427 769 AElius
439 731 548 770 Theo
563 731 858 779 Alexandrinus,
870 732 1051 770 Tiberius
1065 733 1261 782 Sophista‚
1276 733 1445 771 Timaeus
1460 733 1752 771 Tauromenites

302 793 462 831 Philisci
482 793 625 832 Milesii
642 794 872 843 discipulus,
900 794 1056 844 aliique.
1113 795 1154 832 Si
1181 801 1388 839 exstarent,
1416 794 1520 832 dixi:
1555 807 1637 845 quo
1661 794 1752 844 jure

301 854 483 904 dixerim,
505 868 595 893 sane
621 855 768 894 nescio.
826 857 894 893 Eae
919 857 1036 901 enim,
1072 869 1161 906 quae
1187 857 1380 894 nonnullis
1408 856 1626 894 Rhetorum
1654 857 1753 894 anti-

301 929 466 966 quorum
495 917 751 956 Orationibus
780 919 819 956 in
847 918 1000 969 scriptis
1030 918 1160 956 Codd.
1193 917 1394 956 adhaerent
1417 917 1632 965 ὑποθέσεις,
1661 918 1754 957 licet

301 978 515 1028 aliquando
544 979 735 1018 incuriose
766 987 807 1018 et
830 986 972 1031 praeter
999 986 1267 1031 argumentum
1283 987 1323 1017 et
1342 979 1538 1018 historiam
1557 979 1754 1026 confictae,

302 1040 540 1091 antiquiores
561 1054 645 1079 esse
666 1049 841 1092 possunt,
868 1056 983 1093 quam
1005 1043 1120 1093 vulgo
1149 1042 1282 1079 haberi
1303 1041 1442 1079 solent.
1498 1042 1754 1092 Antiphontis

302 1115 380 1140 una
398 1103 537 1141 lemma
567 1103 687 1142 habet
715 1104 930 1154 praefixum,
953 1106 990 1142 in
1021 1118 1101 1155 quo
1121 1104 1170 1142 de
1192 1105 1319 1155 Lysiae
1338 1104 1543 1155 deperdita
1566 1105 1755 1144 Oratione

299 1163 354 1202 ita
373 1164 586 1204 instituitur
605 1166 755 1213 Sermo,
776 1173 817 1205 ut
838 1167 979 1205 nemini
999 1167 1160 1205 dubium
1178 1180 1260 1204 esse
1281 1166 1417 1217 possit,
1439 1166 1532 1217 quin
1552 1179 1634 1205 eam
1654 1168 1755 1217 lege-

300 1225 350 1264 rit
369 1227 547 1277 Scriptor
567 1227 646 1273 ille,
665 1229 885 1278 quicunque
903 1229 1031 1267 fuerit.
1088 1229 1139 1267 Et
1153 1242 1243 1267 sane
1259 1241 1339 1279 quo
1352 1235 1526 1279 tempore
1544 1229 1756 1267 desiderari

301 1288 492 1337 coeperint
519 1289 655 1327 Nostri
686 1290 894 1336 orationes,
914 1290 1074 1328 difficile
1095 1297 1153 1328 est
1171 1291 1294 1329 dictu.
1351 1290 1592 1328 Exstiterunt
1612 1291 1756 1329 saeculo

300 1355 438 1387 octavo
458 1351 663 1398 nonnullae,
685 1364 773 1400 quae
793 1351 909 1389 hodie
925 1365 1003 1389 non
1022 1358 1187 1397 exstant,
1205 1359 1249 1390 ut
1267 1353 1392 1402 liquet
1411 1365 1459 1390 ex
1478 1352 1633 1390 Photio.
1665 1353 1756 1390 Plu-

276 1418 279 1421 '
299 1410 413 1448 rimas
434 1411 575 1450 diserte
593 1413 765 1451 nominat
786 1412 940 1458 Suidas‚
963 1419 1003 1451 et
1022 1414 1139 1451 verba
1160 1413 1378 1462 descripsit,
1395 1427 1523 1451 verum
1539 1427 1586 1452 ex
1602 1414 1757 1465 Harpo-

300 1473 484 1520 crafione,
517 1474 582 1524 qui
613 1480 726 1512 aetate
757 1474 929 1521 anteivit,
960 1482 1168 1513 mutuatus.
1225 1475 1452 1513 Eustathius
1483 1475 1654 1526 quidem,
1690 1475 1758 1527 qui

301 1540 485 1585 utrosque
506 1536 692 1586 sequitur,
714 1537 897 1575 nonnulla
918 1537 1045 1588 Lysiae
1065 1538 1224 1588 legerat,
1252 1537 1395 1587 quibus
1426 1536 1542 1575 hodie
1573 1550 1651 1576 non
1677 1537 1754 1576 uti-

300 1609 411 1635 mur:
434 1603 476 1634 ut
494 1597 572 1636 dici
588 1597 731 1637 debeat
749 1599 858 1649 plura
874 1599 923 1637 ad
942 1599 1047 1637 istud
1070 1600 1203 1637 saltem
1225 1612 1350 1637 aevum
1370 1598 1618 1650 superfuisse.

352 1658 469 1696 Novo
483 1660 563 1710 jam
587 1661 734 1698 saeculo
755 1667 846 1699 nato
872 1667 911 1699 et
930 1661 1049 1699 literis
1069 1660 1238 1699 feliciter
1262 1660 1497 1706 instauratis,
1518 1661 1644 1699 Aldus
1664 1662 1753 1700 Ma-

300 1720 431 1758 nutius
452 1722 613 1771 primus‚
632 1735 733 1760 anno
754 1736 806 1761 sc.
831 1726 947 1761 1513.
978 1723 1115 1774 Lysiae,
1144 1721 1249 1773 quod
1278 1728 1492 1772 supererat,
1523 1723 1626 1773 typis
1652 1723 1757 1762 evul-

297 1781 404 1832 gavit
420 1783 562 1821 Graeee
581 1784 662 1822 Fol.
684 1797 760 1822 una
779 1798 866 1822 cum
886 1784 1085 1830 AEschine,
1114 1784 1358 1834 Antiphonte
1387 1789 1462 1822 etc.
1485 1797 1581 1832 quos
1601 1784 1757 1823 Franci-

298 1856 366 1882 sco
393 1844 555 1882 Faseolo
571 1846 637 1884 IC.
660 1858 706 1884 ac
729 1847 892 1884 Senatus
913 1846 1053 1884 Veneti
1080 1859 1102 1883 a
1126 1845 1292 1885 Secretis
1324 1845 1471 1896 Magno
1501 1848 1753 1897 nuncupavit.

297 1909 326 1926 “
346 1904 392 1942 Id
414 1905 520 1955 quod
542 1906 687 1955 gratius
707 1907 777 1956 (ait
796 1907 865 1944 Vir
881 1910 1066 1954 summus)
1096 1906 1167 1944 tibi
1196 1905 1368 1944 futurum
1399 1906 1630 1954 existimavi,
1653 1921 1752 1959 q-uo·

296 1966 397 2004 niam
428 1979 524 2017 quas
546 1967 721 2018 plerique
754 1969 890 2006 horum
919 1969 1156 2018 scripserunt
1189 1968 1399 2006 Orationes
1427 1968 1558 2006 multis
1589 1969 1752 2008 Saeculis

293 2027 439 2066 abditae
458 2029 677 2067 latuerunt:
713 2030 887 2068 latebant
916 2036 1042 2068 autem
1070 2032 1107 2068 in
1139 2030 1244 2068 Atho
1273 2029 1453 2067 Thraeiae
1478 2036 1619 2069 monte.
1674 2031 1749 2069 Eas

293 2090 470 2128 Lascaris
499 2090 545 2139 is,
576 2091 641 2140 qui
668 2091 812 2129 abhinc
843 2091 1153 2142 quinquennium
1181 2104 1252 2142 pro
1284 2091 1611 2130 Christianissimo
1642 2092 1749 2143 Rege

294 2151 469 2190 Venetiis
491 2165 640 2191 summa
659 2166 746 2191 cum
767 2154 881 2192 laude
900 2153 1068 2204 legatum
1090 2153 1242 2204 agebat,
1263 2153 1512 2192 doctissimus
1535 2160 1576 2191 et
1605 2153 1656 2192 ad
1681 2167 1750 2192 un-

295 2225 406 2262 guem
435 2213 559 2252 factus
592 2215 720 2261 homo,
753 2215 792 2253 in
824 2216 977 2253 Italiam
1011 2216 1239 2266 reportavit.
1297 2215 1460 2253 Miserat
1491 2215 1590 2255 enim
1625 2215 1750 2266 ipsum

294 2274 526 2313 Laurentius
546 2276 610 2314 ille
631 2277 810 2315 Medices
829 2278 867 2316 in
883 2277 1079 2316 Graeciam
1099 2277 1146 2314 ad
1169 2276 1419 2327 inquirendos
1439 2275 1552 2314 simul
1569 2282 1608 2315 et
1627 2291 1751 2328 quan-

294 2337 393 2374 tovis
413 2338 597 2375 emendos
618 2340 745 2389 pretio
767 2340 892 2378 bonos
918 2340 1052 2377 libros.
1110 2338 1485 2377 UndeFlorentiam
1517 2346 1556 2376 et
1584 2352 1673 2377 cum
1705 2339 1750 2377 iis

292 2397 388 2448 ipsis
410 2399 651 2438 orationibus
671 2408 710 2439 et
730 2414 818 2440 cum
840 2401 934 2448 aliis,
953 2408 1036 2440 tum
1056 2400 1166 2448 raris,
1186 2407 1266 2439 tum
1287 2400 1468 2451 pretiosis
1488 2399 1748 2439 voluminibus

292 2459 446 2506 rediit,''
475 2467 514 2498 et
542 2475 629 2512 quae
651 2470 879 2513 sequuntur.
936 2462 1157 2501 Editionem
1190 2462 1306 2513 igitur
1336 2474 1444 2502 suam
1479 2461 1666 2500 credibile
1691 2467 1751 2500 est

292 2521 514 2559 Manutium
533 2524 765 2573 expressisse
782 2537 859 2562 non
878 2538 926 2562 ex
942 2525 1056 2562 unico
1069 2524 1302 2574 exemplari,
1313 2522 1380 2561 sed
1396 2537 1441 2560 ex
1458 2523 1633 2573 pluribus
1651 2523 1752 2561 inter

294 2594 334 2619 se
364 2582 534 2627 collatis,
557 2597 645 2633 quae
666 2585 796 2623 adhuc
826 2592 953 2623 servat
977 2586 1276 2624 instructissima
1294 2584 1359 2622 illa
1379 2584 1626 2622 Bibliotheca
1646 2585 1749 2624 Lau-

291 2643 477 2681 rentiana.
517 2645 662 2683 Eorum
679 2647 856 2685 notitiam
879 2661 954 2685 non
975 2649 1137 2686 alienam
1159 2647 1266 2694 duxi,
1283 2661 1369 2697 quae
1390 2647 1455 2686 hic
1477 2646 1748 2697 subjungatur,

292 2711 335 2743 ut
354 2705 515 2743 aliorum
534 2706 744 2744 Industriae
764 2709 906 2758 aliquid
929 2709 1228 2754 subministrem,
1251 2709 1319 2759 qui
1343 2709 1497 2759 Lysiam
1527 2709 1617 2746 olim
1645 2722 1748 2747 ema-

291 2767 459 2805 culaturi
479 2767 704 2806 felicitatem
725 2777 894 2807 nostram
918 2771 954 2807 in
979 2771 1226 2808 bibliothecis
1248 2777 1467 2808 exterorum
1482 2769 1672 2808 adeundis
1684 2784 1748 2808 su-

288 2841 425 2879 perare
446 2831 611 2880 possint.

287 2932 374 2961 Idem
385 2933 422 2962 de
433 2933 610 2963 admiranda
620 2933 650 2963 vi
660 2933 784 2963 dicendi
794 2934 824 2962 in
837 2935 997 2963 Demosth.
1036 2932 1255 2972 Theocrinem]
1272 2929 1464 2973 Καλλίμαχος
1482 2931 1507 2962 ἐν
1522 2933 1582 2967 τοῖς
1597 2932 1749 2973 Δημοσθέ·

286 2976 389 3004 Τοῦτον
425 2975 483 3014 [sc.
514 2977 680 3007 orationem
712 2977 857 3006 Dinarchi
890 2982 994 3007 contra
1035 2988 1089 3010 νους
1106 2975 1189 3015 φέρει.
1215 2976 1301 3006 Idem
1319 2976 1348 3005 in
1365 2976 1529 3005 Dinarcho.
