1839 3229
240 190 319 232 110
802 190 838 233 I.
870 190 1135 232 TAYLORI

236 294 434 329 Alexandri
452 296 647 331 Anicetum
667 297 751 331 diei.
802 297 940 331 Verum
959 309 1003 331 ne
1021 300 1125 330 extra
1142 296 1238 330 oleas
1249 297 1409 340 divagari
1430 297 1564 339 videar,
1577 298 1694 330 autea

233 350 442 392 diligentius
459 362 598 394 curare,
616 363 697 396 quae
715 353 836 386 minus
861 353 905 385 ad
932 361 989 385 me
1021 352 1187 393 attinent,
1209 352 1255 384 ad
1279 352 1427 395 Lysiam
1446 352 1566 393 redeo,
1581 361 1691 395 quem

152 415 214 444 688
235 404 287 438 sie
302 406 515 440 limatiorem
527 408 649 441 reddo.
664 419 698 451 p.
718 410 798 441 197.
819 410 848 440 1.
869 407 926 440 ed.
940 406 1063 450 Steplr.
1086 407 1121 440 Οἱ
1136 407 1167 439 ὂὲ
1186 409 1250 439 νῦν
1264 407 1481 451 θαπτόμενοι,
1495 409 1693 450 βοηθήσαν-

234 474 288 500 τες
314 464 500 506 Κορινθίοις
523 464 590 496 ὑπὸ
615 465 815 496 παλαιῶν
837 464 943 506 φίλων
971 462 1208 506 ἀδικουμένοις,
1232 464 1384 494 κοινοὶ
1413 463 1583 506 σύμμαχοι
1598 463 1693 506 γενό-

232 529 342 560 μενος.
394 516 564 560 Vegetari
587 517 848 561 oppositionem
866 516 974 550 velim
1000 516 1097 550 facta
1120 517 1226 550 unius
1245 516 1396 549 literulae
1418 518 1633 559 mutatione,
1657 518 1695 548 et

234 571 359 616 reponi
376 585 394 604 κ
405 586 425 605 α
435 586 474 605 ιν
484 586 500 605 ο
511 574 532 605 ί.
584 571 715 610 Qnoda
728 571 913 605 veteribus
928 571 1114 616 hospitibus
1125 569 1292 605 auxilium
1297 570 1443 616 frustra
1457 570 1694 616 exspectabant

234 624 419 669 Corinthii,
436 627 475 660 id
494 627 530 660 in
545 626 642 660 novis
657 636 828 671 reperere.
863 625 908 659 In
924 626 1049 659 eadem
1065 626 1228 659 oratione
1245 636 1282 669 p.
1306 628 1384 659 194.
1397 628 1431 659 4.
1458 639 1474 658 ο
1485 624 1499 658 ἶ
1510 640 1526 659 ο
1538 640 1555 665 ς
1578 626 1695 670 μέγας,

234 685 289 715 καὶ
313 683 418 722 δεινὸς
441 683 518 726 τῇδε
540 685 583 726 τῇ
604 684 702 715 πόλει
719 682 873 720 κίνδυνος
889 683 971 725 ὑπὲρ
983 684 1046 721 τῆς
1064 685 1132 714 τῶν
1159 681 1340 720 Ἑλλήνων
1357 682 1551 724 ἐλευθερίας
1568 682 1693 725 ἠγωνί-

234 737 313 777 σ9η;
326 736 469 770 Vocem
486 737 566 778 οἶος,
581 746 689 779 quam
708 735 930 768 solicitarunt
943 735 1060 768 Codd.
1080 735 1190 768 MSS.
1206 745 1285 768 eam
1299 735 1513 769 auctoritate
1527 734 1697 769 Aristidis

234 789 380 834 retinui,
396 801 515 835 neque
527 791 729 824 etiamnum
744 790 903 834 poenitet
918 790 1120 823 retinuisse.
1148 791 1195 823 Οὐ
1211 793 1282 835 μὴν
1299 791 1442 835 ἔμελλον
1459 791 1492 823 αἱ
1509 791 1589 834 ἀραὶ
1604 790 1697 834 λήθῃ

236 846 447 886 δοθήσεσθαι·
481 849 596 890 λοιμὸς
617 849 681 891 γὰρ
701 850 743 891 τῇ
768 851 836 880 τῶν
851 845 1012 889 Ἐφεσίων
1037 846 1135 878 πόλει
1154 846 1342 889 ἐνὴκμαζεν
1368 843 1435 879 oio
1449 859 1466 885 ς
1490 846 1696 889 βαρύτατος.

236 902 377 935 Auctor
397 912 598 944 anonymus
616 901 711 945 apud
739 901 887 935 Suidam
911 900 947 933 in
967 910 1001 933 v.
1018 898 1148 944 Ἀραῖς.
1181 899 1227 932 In
1254 900 1422 943 proxima
1444 910 1480 943 p.
1496 901 1553 933 97.
1572 902 1606 933 9.
1634 909 1698 943 pro

235 957 418 1001 ἠμυνάμην
434 958 476 990 ἐν
489 970 509 990 σ
520 971 538 990 τ
552 960 572 990 ἁ
585 971 615 999 ς,
641 957 759 990 locum
774 957 825 990 ita
840 956 999 997 correxi,
1017 955 1129 996 ἐπειδὴ
1144 955 1175 989 δὲ
1191 957 1297 989 αὐτὸν
1312 956 1507 1000 ἠμυνάμην,
1532 957 1576 989 ἐκ
1587 969 1608 989 σ
1620 968 1640 989 τ
1650 957 1671 989 ὰ
1681 968 1699 995 ς

235 1012 360 1054 ἔβαλλέ
377 1026 416 1056 με
433 1014 553 1052 λίθοις.
585 1012 715 1057 Neque
726 1011 887 1056 poenitet
903 1011 1113 1044 correxisse.
1165 1011 1279 1050 Ουδεὶς
1291 1012 1357 1055 γὰρ
1376 1011 1554 1055 ὑπέμεινεν
1576 1012 1697 1053 αὐτὸν,

238 1067 310 1099 οὐδ’
324 1067 369 1106 εἰς
397 1071 513 1112 χεῖρας
539 1070 726 1109 συνῆλθεν,
751 1068 828 1100 ἀλλ’
858 1068 880 1100 ἀ
893 1080 919 1100 π
929 1080 946 1100 ο
961 1079 981 1100 σ
994 1081 1013 1100 τ
1026 1067 1046 1099 ά
1059 1080 1078 1099 ν
1089 1080 1108 1100 τ
1118 1080 1131 1099 ε
1144 1080 1161 1106 ς
1187 1067 1266 1108 ἔβα
1277 1068 1379 1100 λλον
1395 1067 1563 1105 ἀκοντίοις
1577 1068 1630 1099 καὶ
1645 1078 1700 1099 το-

236 1121 386 1166 ξεύμασι.
420 1122 604 1156 Plutarch.
622 1122 658 1155 in
684 1122 876 1156 Alcibiade
895 1123 987 1154 extr.
1019 1120 1120 1153 Inter
1148 1120 1312 1160 honores,
1331 1130 1422 1164 quos
1451 1120 1597 1163 regibus
1626 1120 1701 1152 suis

236 1175 389 1210 Barbari
406 1176 566 1210 conferre
583 1177 711 1220 solent,
734 1179 968 1210 recensentur
992 1175 1038 1208 ab
1056 1174 1207 1208 Aristot.
1232 1175 1380 1208 Rhetor.
1400 1174 1428 1208 1.
1443 1177 1478 1208 5.
1507 1174 1703 1219 Προσκυνὴ·

235 1244 314 1270 σεις,
331 1235 385 1265 καὶ
401 1233 581 1272 ἐκστάσεις.
609 1232 641 1266 Α
658 1233 715 1266 via
731 1231 988 1265 declinationes.
1006 1230 1123 1264 Juxta
1140 1241 1174 1273 p.
1193 1232 1251 1264 97.
1277 1232 1334 1263 25.
1353 1230 1530 1274 Πειραιέως
1551 1230 1646 1263 male
1663 1228 1702 1262 in

235 1290 343 1321 textu
361 1287 481 1322 locum
499 1292 668 1332 occupat,
687 1299 796 1332 quam
814 1298 939 1321 vocem
958 1287 1041 1320 alibi
1061 1297 1201 1330 semper
1211 1286 1254 1319 ad
1270 1286 1379 1320 imam
1390 1287 1560 1331 paginam
1579 1286 1703 1320 detru-

237 1341 279 1375 si.
311 1342 393 1376 Vid.
409 1354 442 1387 p.
459 1346 539 1377 106.
556 1345 615 1377 29.
658 1344 752 1376 Nam
772 1344 832 1387 qui
850 1343 992 1376 Atticas
1010 1342 1208 1375 locutiones
1226 1344 1394 1381 tractant,
1416 1341 1551 1375 Moeris
1565 1344 1602 1375 et
1615 1341 1702 1376 Ma-

237 1396 359 1440 gister,
385 1408 468 1431 cum
498 1405 710 1432 contractam
735 1399 886 1432 formam
906 1397 1105 1430 istiusmodi
1133 1396 1387 1430 Genitivorum
1406 1396 1542 1431 Atticis
1560 1397 1704 1441 plaeere

238 1452 394 1494 tradant,
411 1452 612 1487 dissolutam
628 1455 759 1488 ceteris
778 1454 927 1494 Graecis‚
942 1452 1033 1485 hanc
1050 1451 1265 1495 ipsissimam
1275 1462 1400 1485 vocem
1417 1452 1537 1485 omine
1555 1461 1625 1484 non
1643 1452 1706 1485 lae-

237 1517 282 1540 vo
298 1506 333 1540 in
347 1510 556 1552 exemplum
576 1509 773 1542 adducunt.
800 1508 876 1551 Eis,
895 1518 979 1552 quae
998 1518 1018 1540 a
1036 1517 1092 1539 mc
1108 1505 1152 1538 ad
1169 1505 1280 1539 istum
1295 1507 1415 1539 locum
1443 1506 1626 1546 dicuntur,
1641 1505 1706 1539 ad-

238 1560 303 1594 das
319 1561 479 1606 Etymol.
501 1563 557 1597 M.
578 1564 612 1597 in
632 1575 665 1597 v.
686 1565 832 1605 Πηλεύς.
881 1562 1022 1605 ’1στέον,
1038 1563 1089 1595 ὅτι
1106 1563 1148 1594 τὰ
1162 1561 1206 1601 εἷς
1223 1550 1289 1603 εἷς,
1322 1562 1348 1595 εἰ
1373 1564 1435 1605 μὲν
1462 1563 1609 1607 καθαρὸν
1638 1563 1706 1605 ἔχει

238 1618 277 1650 τὸ
297 1630 323 1658 ε,
342 1622 547 1663 συναιρεῖται
561 1622 654 1664 παρὰ
667 1623 736 1659 τοῖς
752 1620 957 1659 Ἀθηναίοις,
975 1618 1350 1668 Στειριεὺς,Ξτειριέως,
1379 1621 1541 1662 Στειριῶς,
1559 1631 1588 1651 κ.
1614 1630 1646 1650 τ.
1671 1619 1706 1650 λ.

238 1673 275 1704 et
303 1682 425 1706 rursus
455 1674 490 1706 in
524 1676 700 1713 Βασιλεύς.
762 1671 901 1716 Ἰστὲον,
929 1675 981 1707 ὅτι
1012 1677 1054 1707 τὰ
1087 1676 1132 1713 είς
1151 1689 1194 1715 ως
1223 1673 1318 1717 (lege
1348 1663 1419 1715 ἧς.)
1462 1673 1522 1706 ἐὰν
1558 1673 1605 1716 μή
1643 1673 1706 1717 ἔχῃ

237 1730 306 1777 πρὸ
333 1733 391 1763 τοῦ
420 1743 433 1763 ε
469 1731 661 1774 σύμφωνον,
685 1733 925 1774 συναιροῦνται
952 1732 1047 1773 παρὰ
1081 1733 1151 1769 τοῖς
1176 1728 1385 1771 Ἀθηναίοις·
1412 1726 1485 1761 οἷον
1509 1728 1704 1772 Ἐρετριεὺς,

236 1788 423 1833 Ἐρετριέως
449 1788 503 1819 καὶ
521 1786 707 1830 Ἐρετριῶς.
759 1791 787 1819 Π
801 1799 858 1829 ειρ
871 1798 935 1818 ate
949 1788 965 1818 ὑ
977 1799 1006 1827 ς,
1039 1790 1067 1818 Π
1081 1799 1139 1829 ειρ
1151 1800 1171 1818 α
1184 1786 1250 1818 ιὲω
1262 1800 1279 1824 ς
1304 1787 1359 1818 καὶ
1384 1789 1507 1828 Πειρα
1519 1788 1604 1822 ιῶς.
1630 1781 1707 1816 Ibi-

238 1844 322 1877 dem
348 1842 471 1876 notavi
485 1842 688 1883 elegantem
704 1851 810 1873 usum
827 1844 885 1874 τοῡ
900 1841 1019 1880 πάλιν,
1037 1844 1073 1873 et
1089 1841 1259 1873 contendi
1287 1850 1357 1873 non
1380 1849 1520 1882 semper
1546 1838 1709 1872 iteratam

238 1897 397 1941 aliquam
415 1895 595 1928 actionem
611 1894 814 1936 designare,
833 1894 895 1926 sed
913 1896 1063 1926 venuste
1078 1893 1149 1926 dici
1168 1905 1284 1937 posse,
1303 1904 1367 1937 pro
1380 1893 1536 1935 invicem,
1550 1904 1592 1926 ex
1607 1904 1713 1937 oppo-

237 1951 315 1985 sito.
365 1949 424 1983 Ita
443 1947 662 1982 Plutarchus
676 1948 721 1981 de
737 1948 894 1982 fraterno
912 1958 1051 1981 amore:
1080 1951 1289 1982 Τούναντὶον
1303 1946 1345 1982 αὗ
1374 1962 1401 1981 π
1414 1949 1436 1981 ά
1448 1950 1470 1981 λ
1481 1962 1491 1981 ι
1504 1962 1525 1982 ν
1543 1949 1710 1992 πονηρόν.

239 2006 300 2040 Ita
312 2004 534 2039 cultissimus
549 2003 643 2047 apud
662 2003 814 2036 Latinos
827 2003 978 2046 scriptor
992 2003 1136 2036 Caesar:
1166 2006 1188 2020 ‘⁴
1205 2004 1254 2037 Ut
1267 2003 1338 2047 ipsi
1353 2003 1504 2036 concedi
1522 2013 1594 2036 non
1607 2013 1712 2047 opor-

244 2055 350 2103 teret,
368 2060 398 2094 si
411 2059 449 2093 in
466 2061 609 2093 nostros
625 2052 705 2092 fini's
722 2058 898 2107 impetum
917 2057 1067 2097 faceret,
1083 2057 1134 2091 sie
1149 2058 1277 2091 iterum
1294 2068 1360 2091 nos
1378 2068 1457 2092 esse
1474 2057 1630 2101 iniquos,
1646 2056 1710 2102 qui

243 2118 280 2151 in
298 2104 363 2149 suo
375 2110 460 2159 jure
478 2124 516 2147 se
537 2110 886 2157 interpellaremus.''
911 2112 957 2148 B.
973 2112 1067 2145 Gall.
1087 2112 1108 2145 l.
1124 2114 1181 2145 44.
1233 2112 1364 2156 Itaque
1390 2112 1425 2144 in
1447 2112 1507 2145 illo
1524 2112 1604 2145 loco
1618 2111 1714 2154 ejus-

241 2173 324 2207 dem
344 2172 498 2207 Caesaris
511 2169 616 2204 initio
635 2169 680 2203 Β.
696 2169 789 2203 Gall.
809 2168 868 2202 lib.
887 2170 923 2202 4.
955 2169 979 2185 “
994 2168 1047 2201 Hi
1062 2171 1208 2201 eentum
1225 2177 1339 2210 pagos
1356 2166 1489 2200 habere
1515 2165 1710 2200 dicuntur:

241 2239 290 2262 ex
308 2228 439 2272 quibus
456 2225 651 2272 quotannis
664 2225 807 2268 singula
820 2224 934 2258 millia
948 2226 1183 2264 armatorum,
1201 2222 1357 2255 bellandi
1374 2231 1499 2264 causa,
1517 2232 1567 2255 ex
1581 2220 1713 2254 finibus

241 2282 426 2318 educunt:
453 2282 595 2326 reliqui,
613 2281 675 2325 qui
689 2280 786 2314 domi
802 2280 1010 2322 manserint,
1029 2289 1067 2312 se
1084 2273 1194 2323 atquc
1210 2277 1291 2311 illos
1304 2277 1429 2310 alunt:
1457 2276 1509 2310 Hi
1525 2275 1715 2310 rursusin-

239 2338 357 2371 vicem
376 2348 470 2370 anno
489 2339 572 2380 post
593 2337 630 2369 in
659 2336 767 2369 armis
793 2337 897 2368 sunt:
925 2334 975 2367 illi
993 2334 1091 2366 domi
1108 2331 1333 2367 remanent.'’
1380 2332 1424 2365 In
1448 2332 1531 2371 isto,
1555 2331 1706 2374 inquam

239 2392 321 2426 loco
336 2403 409 2426 vox
426 2392 581 2433 invicem,
598 2402 681 2435 quae
708 2401 755 2424 ex
773 2389 1036 2422 Vossianorum
1058 2388 1177 2422 Codd.
1203 2398 1276 2422 uno
1301 2387 1417 2428 abest,
1444 2388 1543 2419 recte
1566 2384 1715 2429 quidem

239 2457 324 2481 mea
349 2446 528 2480 sententia
547 2445 662 2479 abest.
713 2445 873 2479 Sedulus
889 2445 1066 2488 glossator
1085 2444 1186 2487 (nam
1215 2453 1263 2476 ex
1281 2453 1323 2475 ea
1337 2441 1478 2475 officina
1494 2447 1561 2483 est,
1582 2442 1620 2474 et
1634 2450 1717 2473 sex-

240 2502 338 2536 centi
357 2501 429 2535 fere
450 2502 519 2535 loci
542 2500 662 2533 adhuc
680 2499 868 2544 purissimi
885 2499 988 2532 istius
1010 2498 1196 2542 scriptoris
1217 2495 1422 2530 istiusmodi
1445 2495 1614 2540 spurcitie
1631 2505 1719 2528 eon—

240 2555 484 2599 taminantur)
509 2556 609 2588 cavit
626 2566 690 2599 pro
708 2566 851 2588 summa
868 2564 935 2588 sua
953 2553 1156 2596 diligentia,
1187 2563 1233 2585 ne
1258 2563 1382 2585 rursus
1399 2553 1519 2585 minus
1535 2553 1633 2584 recte
1656 2561 1722 2584 ex-

241 2622 472 2657 poneren1u8‚
488 2613 552 2643 aut
563 2610 770 2653 inusitatior
788 2609 868 2652 ejus
887 2609 1102 2652 significatio
1115 2607 1258 2642 lectoris
1270 2606 1384 2639 aciem
1398 2606 1584 2649 effugeret,
1598 2605 1722 2648 itaque

241 2667 379 2700 adlevit
395 2665 551 2699 invicem.
602 2664 775 2708 Sequitur
791 2674 828 2707 p.
847 2666 925 2698 102.
942 2667 976 2697 2.
992 2663 1049 2696 ed.
1065 2662 1190 2707 Steph.
1229 2662 1287 2695 Ἐκ
1301 2664 1366 2701 τῆς
1383 2660 1544 2705 πατρίδος
1561 2661 1720 2702 ἐκβαλεῖν

242 2724 378 2756 αὐτὸν
403 2724 648 2755 ποιοῦνται.
697 2718 983 2762 Aliquantulum
1022 2717 1107 2751 fidei
1144 2718 1188 2750 ad
1215 2717 1334 2749 locum
1366 2716 1555 2748 adstruere
1573 2716 1722 2756 satage-

241 2776 326 2809 bam
335 2771 927 2819 oonjecturaeviriingeniosissimi,
943 2774 976 2805 ἐκ
993 2775 1057 2811 τῆς
1073 2771 1236 2815 πατρίδος
1252 2771 1410 2812 ἐκβαλεῖν
1427 2781 1511 2801 σπο
1523 2768 1598 2808 υδή
1611 2781 1632 2800 ν
1649 2780 1707 2800 ποι

242 2835 373 2869 οῦνται.
425 2828 703 2863 Emendationis
716 2826 949 2870 fidejussores
972 2830 1074 2859 erant
1090 2825 1304 2859 Herodotus
1321 2826 1358 2856 et
1382 2822 1595 2856 Pausanias.
1644 2822 1725 2856 Ad·

236 2882 355 2941 junge
371 2886 552 2920 incertum
565 2884 663 2928 apud
676 2883 778 2917 Suid.
796 2883 833 2915 in
849 2883 1054 2926 Ἀγώνισμα.
1065 2881 1273 2924 Ἀγώνισμα,
1292 2891 1374 2912 σπο
1385 2879 1459 2911 vd
1442 2892 1506 2921 ην,
1521 2877 1724 2922 ἐπιμέλειαν.

242 2945 437 2990 Αγώνισμα
466 2942 614 2974 τίθενται
639 2939 824 2980 συλλαβεῖν
855 2938 975 2970 αὐτόν.
1013 2937 1050 2969 et
1078 2933 1310 2969 Herodotum
1338 2933 1483 2974 iterum,
1514 2932 1616 2965 Erat.
1644 2933 1725 2965 107.

254 2998 470 3036 Εκπεσόντος
486 2997 549 3030 δὲ’
538 3009 570 3036 ες
588 2997 654 3037 τὴν
671 2995 811 3040 ψάμμον
823 2995 942 3037 αὐτοῦ,
969 2994 981 3026 ἐ
992 3005 1062 3026 ποι
1074 2991 1085 3024 ἑ
1099 3004 1166 3025 ero
1192 2992 1332 3032 πολλην
1357 3002 1378 3023 σ
1389 3001 1469 3023 που
1481 2988 1560 3030 δὴν
1575 2989 1731 3032 ἐξευρεῖν
