1839 3229
233 209 282 249 16
788 213 821 255 Ι.
854 213 1118 256 TAYLORI

229 316 328 353 xime
361 315 488 355 decet.
547 318 725 357 Decurso
756 320 854 358 enim
890 322 1015 371 spatio
1050 319 1368 372 Typographico,
1407 322 1526 368 atque
1558 315 1680 362 istius,

229 390 346 427 quam
375 378 469 424 dixi,
500 379 681 419 editionis
711 381 915 420 collatione
945 383 1079 420 sedulo
1109 382 1299 426 instituta,
1326 379 1569 431 paucissima,
1591 389 1679 428 quae

229 439 384 477 inventa
403 446 525 487 erant,
546 454 747 491 operarum
770 442 910 480 menda
936 443 1089 494 collegi,
1120 456 1332 492 eorumque
1351 440 1526 478 notitiam
1545 439 1680 488 dispo-

227 500 298 547 sui,
318 514 420 551 quae,
443 502 478 539 in
500 504 656 553 punctis
676 510 719 541 ut
739 504 946 553 plurimum
968 504 1173 550 versantia,
1193 510 1269 541 tam
1292 503 1389 540 levia
1404 501 1474 539 tibi
1492 500 1680 538 videbun-

228 566 305 608 tur,
338 569 380 600 ut
404 563 465 601 vix
486 564 601 602 ullam
629 565 738 603 aliam
767 565 937 615 aliquam
958 565 1091 604 Graeci
1123 565 1332 616 Scriptoris
1361 563 1581 602 Editionem
1610 573 1681 612 per

227 623 345 663 hosce
365 638 486 663 annos
514 626 550 663 in
581 626 653 664 hac
680 627 803 665 laudis
831 634 940 678 parte
961 641 1047 665 cum
1070 633 1201 666 nostra
1220 625 1493 666 conferendam
1514 636 1598 661 esse
1613 623 1680 672 ju-

226 686 364 724 dicem.
421 687 474 725 Ut
497 688 625 738 aliqua
651 690 784 726 saltem
815 702 901 739 spes
931 702 1130 740 superesse
1151 689 1339 736 videatur,
1367 686 1427 725 vel
1447 686 1603 725 Chartae
1623 684 1681 722 ni-

227 755 363 793 torem,
384 748 442 785 vel
461 748 660 799 Typorum
689 750 931 801 elegantiam,
954 751 1013 788 vel
1033 751 1268 802 'I'ypothetae
1289 750 1458 800 denique
1478 758 1680 797 meamque

227 822 428 859 operosam
458 810 693 859 diligentiam
726 812 962 863 exemplaria
991 818 1121 850 nostra
1143 812 1423 850 vindicaturam
1449 823 1470 848 a
1489 808 1595 847 fatali
1614 807 1680 845 illa

227 872 425 910 oblivione
446 877 484 910 et
506 873 649 911 vilitate
671 873 798 924 pretii,
826 888 913 925 quae
944 880 1112 912 nostram
1140 874 1322 912 familiam
1346 879 1423 911 tam
1445 872 1510 910 diu
1532 869 1679 908 afflixit.

227 933 343 977 Quod
366 934 413 972 ad
437 934 738 973 moderationem
757 942 921 987 spectat,
943 950 1057 987 quam
1078 936 1247 974 Editoris
1262 936 1414 974 laudem
1431 945 1583 984 semper
1597 943 1680 970 esse

226 995 318 1032 duxi
339 996 473 1046 primae
495 998 723 1045 proximam,
743 1004 932 1036 vetustam
954 1005 992 1035 et
1012 998 1155 1036 diutius
1176 1003 1374 1048 receptam
1394 995 1598 1034 lectionem
1618 1005 1680 1031 ra-

225 1056 373 1094 rissime
394 1056 611 1104 sollicitavi,
629 1064 746 1109 atque
767 1059 815 1097 ad
836 1072 941 1097 orant
963 1059 1049 1098 libri
1070 1059 1246 1110 relegavi.
1295 1058 1435 1109 Neque
1455 1058 1555 1095 enim
1576 1068 1679 1093 meo-

225 1131 307 1156 rum
328 1118 455 1157 Codd.
479 1120 753 1159 auctoritatem
777 1122 886 1168 tanti,
914 1128 980 1160 aut
1012 1135 1134 1160 meam
1163 1121 1358 1159 divinandi
1386 1118 1578 1158 solertiam
1599 1123 1678 1156 tam

225 1179 466 1230 magnificam
492 1195 575 1219 esse.
600 1182 789 1232 judicavi,
812 1190 868 1229 ut,
890 1183 956 1221 ubi
978 1190 1169 1221 momenta
1197 1183 1329 1220 saltem
1352 1181 1575 1219 viderentur
1594 1190 1678 1217 esse

223 1241 401 1291 aequalia,
422 1243 565 1280 Textus
586 1244 713 1294 aliqua
741 1244 993 1283 diuturnitate
1015 1244 1305 1296 comprobatuS,
1325 1242 1583 1293 (Scriptorum
1610 1253 1678 1278 au—

222 1303 418 1353 tiquorum
450 1305 652 1344 Terminus
681 1306 744 1345 ille
776 1310 897 1356 sacer)
927 1321 1109 1346 novarum
1138 1320 1262 1346 rerum
1294 1305 1424 1344 studio
1457 1311 1498 1343 et
1525 1302 1677 1341 libidini

223 1366 361 1403 cedere
381 1366 564 1406 deberet:
595 1368 737 1406 Verum
761 1375 944 1419 reputans
965 1369 1147 1415 vicissim,
1171 1370 1276 1420 quod
1303 1368 1532 1407 foedissimas
1553 1366 1677 1404 hallu-

223 1428 436 1465 cinationes
458 1435 496 1467 et
516 1430 771 1469 crassissimos
791 1432 1031 1470 librariorum
1055 1445 1201 1470 errores
1222 1431 1399 1477 retinere,
1420 1430 1486 1468 ubi
1504 1429 1564 1467 vel
1585 1428 1676 1467 dor-

223 1490 411 1527 mitaverit
446 1490 568 1529 bonus
604 1492 733 1538 homo,
769 1500 834 1531 aut
868 1495 956 1544 plus
989 1508 1105 1544 eequo
1138 1507 1177 1531 se
1211 1493 1437 1538 invitaverit,
1467 1498 1567 1530 esset
1595 1491 1677 1528 otio

220 1551 474 1589 inclementer
504 1553 625 1599 abuti,
657 1554 865 1605 aliquando
895 1569 997 1593 meas
1027 1555 1272 1604 conjecturas
1301 1554 1415 1592 etiam
1444 1553 1674 1603 scriptorum

221 1613 348 1651 Codd.
368 1614 598 1652 auctoritate
620 1616 822 1654 destitutas
848 1617 884 1654 in
905 1624 1049 1655 textum
1079 1617 1229 1663 admisi,
1251 1617 1522 1654 nonnullorum
1543 1627 1675 1665 repre-

221 1675 441 1713 hensionem
464 1676 620 1722 veritus,
644 1678 709 1727 qui
734 1679 997 1716 meticulosam
1028 1679 1249 1729 religionem
1273 1684 1311 1715 et
1331 1683 1483 1715 tenuem
1505 1677 1610 1714 illam
1630 1676 1675 1714 fi-

220 1737 307 1774 dem
326 1750 438 1787 aeque
455 1751 499 1776 ac
516 1739 676 1777 aliorum
699 1740 933 1778 effraenatam
955 1741 1157 1779 audaciam
1179 1740 1315 1779 merito
1335 1740 1516 1778 damnare
1537 1738 1674 1778 solent.

678 1802 704 1828 ἤιε
937 1803 963 1827 Ξ(
1195 1805 1222 1829 eie

272 1857 559 1907 Nonnunquam
592 1858 707 1896 etiam
739 1860 941 1898 verborum
972 1860 1100 1910 apices
1133 1865 1171 1897 et
1204 1866 1436 1910 punctorum
1467 1867 1675 1908 momenta,

218 1919 426 1963 immutavi,
448 1920 483 1956 in
506 1920 647 1970 quibus
669 1921 891 1971 Stephanus
911 1922 1249 1966 obdormiscebat;
1280 1923 1424 1960 lectore
1443 1935 1519 1960 non
1539 1922 1674 1962 admo-

220 1983 315 2025 nito,
338 1982 403 2019 ubi
417 1982 624 2021 admonere
644 1983 762 2021 taedio
779 1984 894 2022 fuisse
912 1984 1082 2022 futurum
1101 1985 1213 2022 sensi.
1244 1984 1346 2023 Illud
1363 1985 1507 2023 interea
1519 1986 1673 2024 nescius

218 2057 265 2081 ne
287 2057 390 2081 esses
411 2044 537 2092 velim,
562 2045 668 2095 quod
698 2047 923 2096 saepissime,
943 2046 1019 2084 imo
1039 2045 1198 2084 infinitis
1224 2046 1304 2085 fere
1325 2046 1363 2084 in
1383 2047 1492 2093 locis,
1521 2047 1571 2085 de
1591 2048 1673 2086 vul-

218 2112 304 2157 gata
321 2120 455 2157 parum
477 2108 663 2146 sollicitus
683 2121 764 2146 eam
787 2108 992 2147 lectionem
1013 2109 1050 2146 in
1072 2108 1393 2159 Interpretatione
1415 2115 1572 2147 secutus
1590 2110 1673 2158 sim,

220 2182 307 2219 quae
330 2183 374 2207 ex
397 2171 476 2208 sola
496 2170 719 2222 conjectura
739 2177 976 2209 nasceretur.
1034 2171 1132 2209 Nam
1154 2172 1191 2208 in
1213 2170 1374 2218 Latinis,
1395 2184 1482 2221 quae
1502 2177 1585 2210 tota
1604 2185 1673 2211 no-

218 2237 293 2269 stra
329 2238 432 2279 sunt,
469 2238 613 2270 tantam
647 2239 752 2271 certe
786 2234 1055 2272 auctoritatem
1089 2233 1231 2271 habere
1265 2233 1383 2279 volni,
1413 2247 1500 2272 cum
1529 2234 1673 2272 Graeca

217 2293 364 2343 publici
387 2294 626 2345 potiusjuris
647 2308 763 2345 quam
786 2296 858 2332 mei
879 2294 996 2333 fuisse
1019 2295 1247 2333 existimavi.
1279 2295 1329 2332 Et
1349 2308 1397 2332 ne
1416 2295 1546 2346 aliqua
1565 2295 1671 2334 fraus

217 2355 353 2393 lectori
375 2357 563 2402 subesset,
587 2370 830 2408 quaecunque
850 2357 902 2395 ita
924 2358 1033 2402 verti,
1066 2370 1109 2395 ea
1141 2363 1183 2395 ut
1208 2357 1343 2404 literis,
1374 2371 1470 2408 quas
1500 2358 1671 2397 cursivas

218 2424 371 2464 vocant,
400 2417 725 2466 discernerentur,
755 2419 889 2457 sedulo
915 2420 1060 2457 curavi.
1117 2420 1284 2469 Singulis
1303 2425 1491 2470 praeterea
1514 2420 1673 2458 Oratio-

217 2480 330 2518 nibus
353 2482 633 2532 Argumentum
660 2483 846 2532 praemisi,
868 2488 910 2520 ut
929 2483 977 2520 ad
1001 2483 1213 2520 orationem
1233 2482 1352 2532 ipsam
1372 2482 1501 2520 aditus
1523 2481 1673 2522 facilior

219 2542 508 2592 quodammodo
527 2542 638 2581 fieret
658 2551 696 2581 et
710 2544 945 2593 jucundior:
977 2544 1015 2581 in
1039 2544 1181 2595 quibus
1201 2551 1240 2582 et
1255 2543 1493 2588 Quaestionis
1514 2551 1669 2593 statum,

218 2610 256 2642 et
287 2605 460 2643 Actionis
490 2619 623 2655 genus,
658 2612 696 2643 et
727 2606 895 2644 solennis
928 2607 1068 2656 agendi
1099 2607 1194 2644 ritus
1230 2605 1470 2656 praetermisi,
1508 2612 1587 2644 tun]
1623 2621 1670 2645 ne

219 2667 396 2717 Meursii⁷
417 2667 545 2713 Petiti,
567 2673 862 2718 ceterorumque
884 2669 1022 2706 scrinia
1051 2669 1314 2718 compilarem,
1346 2673 1425 2705 tum
1453 2667 1544 2718 quia
1570 2669 1671 2707 sensi

217 2729 301 2767 haec
320 2729 547 2779 plerumque
568 2743 614 2766 eo
635 2730 799 2780 gratiora
816 2743 914 2778 esse,
935 2743 1014 2780 quo
1031 2730 1220 2767 breviora.
1251 2730 1453 2767 Postremo
1472 2729 1670 2780 utriusque

218 2790 422 2835 Editionis,
445 2803 532 2841 quae
553 2804 675 2828 meam
697 2782 908 2841 praecessit,
930 2791 1084 2829 Aldinae
1105 2797 1199 2841 puta
1218 2797 1256 2828 et
1277 2789 1539 2842 Stephanicae,
1560 2791 1670 2842 pagi-

215 2866 282 2890 nas
302 2854 339 2890 in
357 2867 423 2891 ora
444 2860 583 2891 nostrae
604 2853 773 2892 describi
794 2853 911 2902 volui,
934 2860 987 2898 ut,
1012 2852 1203 2904 siquando
1224 2865 1314 2890 usus
1332 2851 1490 2898 venerit,
1511 2852 1669 2891 minimo

215 2915 373 2964 negotio
395 2915 561 2954 conferri
583 2921 621 2954 et
641 2915 817 2953 adhiberi
836 2922 1011 2966 possent.

276 2977 428 3016 Graecis
462 2978 658 3028 subjunxi,
689 2978 779 3029 quia
808 2978 953 3029 populo
986 2976 1114 3027 aliqua
1144 2990 1190 3014 ex
1226 2982 1336 3028 parte
1371 2977 1523 3028 placere
1553 2976 1668 3024 volui,
