1819 3219
558 173 890 217 LECTIONES
926 172 1209 214 LYSIACAE.
1518 176 1595 218 145

155 269 254 302 xime
270 279 290 300 a
308 278 364 300 me
378 266 557 300 laudandi.
608 266 643 299 Οἱ
662 267 734 309 περὶ
749 269 811 305 τῆς
825 265 960 307 βλάβης
973 262 1063 298 οὗτοι
1075 266 1169 308 νόμοι
1187 266 1314 303 πάντες
1333 269 1420 299 -ἂν
1436 270 1497 309 μὲν
1513 269 1595 301 ἑκὼν

150 324 281 367 βλάψῃ,
296 322 444 355 διπλοῦ
456 335 487 363 ν,
506 324 549 354 ἂν
563 321 589 353 δ’
606 323 708 359 ἄκων,
726 322 890 353 ἁπλοῦν
908 322 944 352 τὸ
961 321 1122 362 βλάβος
1138 320 1327 353 κελεύουσιν
1343 321 1491 354 ἐκτίνειν.
1521 322 1596 355 De-

152 377 279 411 mosth.
299 387 329 409 c.
348 376 440 411 Mid.
492 377 587 410 Ἀλλ’
604 378 632 409 οὶ
650 378 745 420 νόμοι
763 378 836 418 περὶ
853 377 913 418 μὲν
930 379 997 408 τῶν
1011 377 1124 407 ἄλλων
1141 375 1352 419 ἀδικημάτων
1370 380 1438 408 τῶν
1456 390 1466 408 ε
1478 379 1511 415 ῖς
1529 380 1593 421 ἀρ-

150 433 294 474 γυρίου
316 432 444 475 λόγον
468 432 712 472 ἀνηκόντων
739 430 866 469 διπλῆν
892 431 957 469 τὴν
981 429 1122 471 βλάβην
1145 429 1288 471 ὀφείλειν
1316 430 1494 462 κελεύουσι.
1529 430 1595 464 Di-

147 485 268 518 narch.
286 496 316 519 c.
332 485 520 519 Demoslh.
569 486 653 518 Ἐὰν
665 486 726 528 μὲν
743 484 862 517 δοῦλον
879 485 989 527 κτείνῃ
1007 484 1149 526 νομίζων
1167 485 1226 516 τὸν
1243 484 1360 516 ἑαυτοῦ
1378 484 1593 527 διειργάσθαι,

146 540 207 571 τὸν
233 542 290 573 τοῦ
314 540 577 580 τελευτήσαντος
595 540 764 578 δεσπότην
781 539 921 580 ἀβλαβῆ
942 538 1112 581 παρεχέτω
1129 539 1183 571 καὶ
1199 538 1354 581 ἀζήμιον·
1375 540 1395 578 ἡ
1419 539 1512 579 δίκην
1536 541 1593 579 εἰς

145 595 223 633 τὴν
249 594 371 631 ἀξίαν
393 598 450 628 τοῦ
479 594 742 634 τελευτήσαντος
767 593 940 636 ὑποσχέτω
968 593 1135 632 διπλῆν.
1167 592 1268 625 Plato
1295 592 1340 625 de
1366 592 1481 635 Legg.
1506 593 1528 626 Ι.
1555 596 1590 628 9.

143 645 267 690 Atque
286 647 362 681 haec
379 649 450 682 fere
468 650 564 690 sunt,
584 659 665 692 quae
685 647 781 691 apud
799 647 946 691 Lysiam
963 650 1205 680 matronarum
1223 646 1435 689 pudicitiam
1454 650 1491 680 et
1507 658 1591 680 con-

142 701 333 735 nubiorum
347 702 432 746 jura
454 702 663 743 defendunt,
682 702 727 736 ob
746 702 958 735 inusitatum
977 712 1089 745 genus
1107 712 1127 733 a
1150 700 1354 740 Plutarcho,
1373 700 1408 733 in
1429 700 1502 734 vita
1525 703 1589 735 So·
1606 703 1669 734 713

141 755 232 789 lonis
251 759 384 791 notata.
411 757 520 797 ’Όλως
543 758 573 790 δὲ
593 760 758 799 πλείστην
777 759 865 801 ἔχειν
891 759 911 790 ά
923 759 1075 790 τοπίαν
1091 757 1121 789 οἱ
1138 758 1210 800 περὶ
1227 760 1293 789 τῶν
1310 761 1478 800 γυναικῶν
1495 759 1589 801 νόμοι

140 814 189 854 τῷ
206 813 334 845 Σόλωνι
348 812 508 846 δοκοῦσιν.
520 816 640 857 μοιχὸν
656 815 717 857 μὲν
730 815 793 856 γὰρ
806 813 941 845 ἀνελεῖν
957 815 1004 855 τῷ
1014 812 1157 853 λαβόντι
1171 811 1317 843 δέδωκεν·
1334 812 1394 843 ἐὰν
1411 811 1436 843 δ’
1452 812 1589 856 ἁρπάσῃ

140 880 189 906 τις
203 868 385 911 ἐλευθέραν
402 872 544 911 γυναῖκα
562 871 615 902 καὶ
631 869 804 911 βιάσηται,
822 869 945 912 ζημίαν
961 869 1082 901 ἑκατὸν
1099 867 1250 911 δραχμὰς
1262 867 1356 904 ἔταξε
1373 865 1439 910 (ila
1455 868 1549 900 enim
1568 879 1589 901 a

139 920 271 954 Solone
286 922 372 955 olim
390 922 610 965 institutum)
625 942 671 948 -
683 925 720 956 τὸ
744 923 769 955 δ’
787 924 869 956 αὐτὸ
887 924 1027 965 πρᾶγμα
1045 924 1124 954 ποτὲ
1145 924 1206 965 μὲν
1224 925 1347 965 πικρῶς
1369 923 1423 954 καὶ
1439 922 1587 965 ἀπαραι-

137 975 247 1016 τήτως
258 976 421 1017 κολάζειν,
435 979 514 1011 ποτὲ
529 977 561 1010 δὲ
575 978 717 1017 εὐκόλως
729 981 782 1010 καὶ
798 979 974 1017 παίζοντα,
993 978 1179 1020 πρόστιμον
1193 977 1315 1020 ζημίαν
1332 978 1397 1016 τὴν
1415 979 1586 1019 τυχοῦσαν

135 1029 301 1073 ὁρίζοντα,
319 1032 447 1075 ἄλογόν
463 1033 543 1065 ἐστι.
594 1031 645 1065 Ut
662 1032 757 1064 hunc
774 1031 920 1064 titulum
938 1030 1166 1071 concludam,
1186 1040 1396 1074 quanquam
1414 1030 1510 1073 leges
1520 1043 1586 1076 ge-

134 1082 298 1117 neraliter
319 1085 586 1129 quodammodo
610 1085 815 1129 loquantur,
837 1088 958 1130 μοιχὸν
980 1086 1114 1118 ἀνελεῖν
1135 1088 1182 1128 τῷ
1203 1087 1382 1128 λαβόντι
1403 1086 1529 1129 δέδωκε,
1548 1090 1585 1120 et

128 1136 216 1171 Ἐάν
233 1152 294 1178 τις
307 1140 428 1183 μοιχὸν
444 1140 546 1184 λάβῃ,
564 1139 659 1172 istud
678 1142 797 1174 tamen
810 1139 871 1183 jus
886 1138 1121 1173 interficiendi
1141 1139 1280 1172 videtur
1296 1150 1436 1183 semper
1452 1141 1495 1174 ad
1511 1152 1582 1174 ma-

133 1191 239 1226 ritum
256 1193 480 1226 solummodo
493 1194 680 1238 pertinere.

822 1295 888 1329 IV.

337 1381 386 1406 O‘Y'
408 1381 576 1406 NOMIMON
601 1381 673 1406 ΕΞΩ
697 1382 773 1406 ΤΟΥ
798 1380 1020 1406 ΠΡΑΓΜΑΤΟΣ
1046 1380 1181 1405 ΛΕΓΕΙΝ.
1206 1386 1237 1416 p.
1256 1376 1328 1406 163.
1345 1377 1374 1405 2.

130 1442 286 1476 Cautum
303 1442 370 1476 hoc
388 1443 432 1476 de
450 1443 654 1477 actionibus
670 1442 946 1487 Areopagiticis‚
962 1453 1045 1487 quaa
1065 1444 1222 1477 maxima
1239 1442 1467 1485 solennitate,
1485 1443 1580 1477 addo

130 1508 274 1543 quoqne
296 1500 333 1531 et
357 1497 559 1539 severitate,
586 1499 878 1532 instituebantur.
923 1497 1016 1532 'Eur'
1042 1499 1087 1531 ἂν
1111 1499 1174 1542 μὲν
1201 1500 1277 1541 περὶ
1299 1500 1356 1532 τοῦ
1383 1487 1581 1542 πράγματός

128 1553 281 1596 λέγωσιν,
297 1553 453 1596 ἀνέχεται
475 1554 495 1593 ἡ
515 1554 624 1595 βουλὴ
642 1552 913 1598 [Areopagitica
929 1549 999 1597 sc.]
1021 1552 1092 1605 καέζ
1110 1550 1260 1599 ἡῖυχίαν
1277 1554 1456 1587 ἀκούουσα·
1484 1554 1528 1593 ἣν
1546 1553 1579 1586 δέ

128 1619 177 1645 τις
198 1609 219 1647 ἢ
237 1609 409 1651 προοίμιον
431 1608 508 1652 εἴπῃ
529 1611 591 1652 πρὸ
615 1610 674 1641 τοῦ
697 1609 813 1651 λόγου,
831 1608 875 1646 ὡς
896 1606 1382 1651 εὐνουστέρους’ἅπεργάσαιτο
1405 1609 1538 1648 αὐτοὺς,
1557 1610 1578 1648 ἢ

128 1657 254 1702 οἶκτον,
274 1663 294 1701 ὴ
313 1661 464 1695 δείνωσιν
481 1662 601 1698 ἔξωθεν
619 1663 736 1705 ἐπάγοι
755 1665 803 1704 τῷ
819 1662 1002 1705 πράγματι,
1019 1659 1072 1694 οἷα
1090 1663 1203 1693 πολλὰ
1219 1662 1372 1705 ῥητόρων
1390 1661 1508 1701 παῖδες
1524 1664 1579 1694 ἐπὶ

128 1717 206 1754 τοὺς
229 1716 386 1755 δικαστὰς
405 1720 640 1760 μηχανῶνται,
660 1715 838 1760 παρελθὼν
864 1716 881 1747 ὀ
903 1716 1005 1759 κῆρυξ
1033 1717 1280 1755 κατεσιώπησεν
1307 1717 1414 1755 εὐθὺς,
1435 1717 1494 1749 οὐκ
1515 1717 1579 1749 ἐῶν

126 1770 241 1813 ληρεῖν
259 1771 343 1814 πρὸς
366 1772 432 1810 τήν
446 1771 592 1812 βουλὴν,
610 1772 663 1803 καὶ
682 1769 891 1814 περιπέττειν
907 1770 945 1802 τὸ
962 1772 1101 1813 πρᾶγμα
1118 1771 1153 1802 ἐν
1170 1773 1239 1809 τοῖς
1260 1771 1384 1813 λόγοις,
1404 1768 1448 1808 ὧς
1465 1772 1579 1814 γυμνὰ

125 1826 167 1857 τὰ
184 1824 387 1868 γεγενημένα
406 1823 436 1857 οἱ
452 1822 696 1868 Ἀρεοπαγῖται
710 1824 881 1868 βλέποιεν.
911 1824 1065 1857 Lucian.
1081 1823 1119 1857 in
1135 1824 1394 1858 Anacharside.
1432 1824 1576 1859 Morem

124 1877 220 1911 hunc
238 1878 354 1921 tangit
370 1877 498 1911 iterum
526 1878 653 1921 Lysias
670 1878 705 1911 in
725 1878 900 1923 principio
923 1877 1108 1911 Orationis
1130 1877 1174 1911 de
1193 1877 1324 1919 Milite,
1342 1878 1378 1912 in
1399 1878 1576 1913 Oratione

123 1932 332 1976 Areopagit.
352 1932 395 1964 de
414 1932 531 1973 Oliva,
549 1936 584 1965 et
600 1933 790 1976 Lycurgus
808 1944 840 1966 c.
858 1933 1069 1966 Leocratem
1088 1932 1185 1966 Edit·
1203 1932 1324 1977 Steph.
1348 1944 1383 1976 p.
1405 1935 1482 1967 149.
1510 1938 1575 1968 Καὶ

123 1990 241 2027 ταῦτα,
256 1988 440 2020 κάλλιστον
455 1988 591 2031 ἔχοντες
605 1992 674 2021 τῶν
689 1988 865 2028 Ἐλλήνων
882 1987 1103 2032 παράδειγμα,
1122 1989 1159 2020 τὸ
1177 1988 1213 2020 ἔν
1229 1987 1345 2031 Ἀρείῳ
1359 1989 1460 2031 πάγῳ
1478 1990 1575 2022 συνέ-

123 2041 224 2085 δριον.
242 2045 259 2074 ὃ
274 2044 435 2075 τοσοῦτον
451 2042 587 2086 διαφέρει
603 2047 669 2076 τῶν
684 2044 800 2075 ἄλλων
814 2043 1044 2086 δικαστηρίων,
1062 2043 1144 2075 ὥστε
1162 2044 1217 2075 καὶ
1231 2042 1310 2086 παρ’
1328 2044 1442 2082 αὐτοῖς
1457 2044 1575 2086 ὁμολο-

123 2097 252 2139 γεῖσθαι
278 2099 348 2135 τοῖς
373 2097 601 2141 ἁλισκομένοις
626 2098 756 2130 δικαίαν
781 2099 947 2130 ποιεῖσθαι
972 2099 1038 2137 τήν
1060 2098 1178 2139 κρίσιν.
1202 2099 1285 2140 πρὸς
1306 2099 1323 2129 ὃ
1344 2097 1391 2130 δεῖ
1411 2100 1465 2130 καὶ
1488 2099 1573 2141 ὑμᾶς

122 2150 390 2192 ἀποβλέποντας
404 2154 449 2194 μὴ
473 2151 659 2195 ἐπιτρέπειν
677 2155 746 2190 τοῖς
768 2153 827 2188 ἔξω
844 2154 901 2184 τοῦ
926 2152 1123 2195 πράγματος
1144 2151 1312 2194 λέγουσιν.
1364 2151 1460 2184 Add.
1480 2152 1569 2186 Poll.

121 2203 235 2238 VIII.
255 2207 308 2237 10.
335 2208 606 2249 Προοιμιὰζεσθαι
622 2207 653 2238 δὲ
671 2208 728 2240 οὐκ
752 2208 845 2247 ἐξῆν,
864 2207 935 2240 οὐδὲ
953 2208 1159 2250 οἰκτίζεσθαι.
1180 2208 1217 2240 et
1244 2206 1393 2239 Aristot.
1420 2206 1569 2241 Rhetor.

120 2258 196 2292 init.
230 2258 383 2292 Athenis
401 2270 545 2304 qnoque
564 2261 588 2277 “
608 2261 718 2294 vetari
736 2264 893 2294 actorem
912 2261 1059 2294 affectus
1076 2271 1229 2300 movere,
1246 2262 1282 2293 et
1299 2260 1448 2294 recisam
1462 2261 1569 2295 fuisse

119 2313 242 2346 orandi
267 2312 507 2356 potestatem’'
530 2316 705 2347 memorat
729 2314 941 2355 Quintilian.
961 2313 1017 2348 II.
1039 2315 1093 2347 16.
1117 2315 1153 2346 et
1169 2312 1239 2347 VI.
1264 2315 1295 2346 l.
1347 2314 1371 2331 “
1387 2314 1569 2359 Exemplo

119 2367 207 2416 legis
227 2368 362 2401 Atticae
386 2368 584 2413 Martiique
604 2368 734 2411 judicii
756 2380 877 2402 causae
904 2368 1061 2413 patronis
1083 2367 1282 2402 denunciat
1304 2368 1428 2402 Praeco
1450 2380 1568 2414 neque

118 2421 292 2465 principia
308 2421 426 2456 dicere
445 2433 561 2466 neque
578 2423 846 2458 miserationem
860 2421 1124 2456 commovere.'’
1147 2421 1259 2465 Apul.
1287 2422 1433 2465 Nescio,
1448 2433 1567 2458 annon

118 2486 166 2509 ex
183 2476 250 2509 hac
269 2476 456 2521 disciplina
473 2477 672 2520 profectum
696 2477 754 2517 sit,
771 2479 866 2521 quod
887 2478 1035 2519 Dionys.
1054 2475 1174 2509 Halic.
1197 2476 1362 2509 observet
1384 2478 1566 2511 auctorem

116 2532 277 2563 nostrum
303 2541 550 2574 saepenumero
572 2532 840 2575 ἀπροοιμιάστως
865 2541 990 2564 causas
1007 2541 1089 2564 suas
1110 2530 1285 2564 intulisse.
1335 2530 1565 2566 Contrarium

116 2584 263 2617 omnino
278 2584 388 2618 caius
404 2585 426 2619 l.
442 2587 473 2619 1.
490 2585 519 2628 ξ.
541 2588 572 2618 l.
594 2586 643 2620 J).
664 2587 708 2619 de
727 2586 772 2618 O.
793 2586 824 2618 Ι.
874 2588 895 2603 “
911 2585 1056 2620 Deinde
1074 2584 1102 2618 si
1119 2586 1155 2618 in
1172 2586 1247 2619 foro
1264 2595 1392 2618 causas
1410 2585 1562 2619 dicenti-

116 2639 184 2673 bus
198 2640 309 2681 nefas,
326 2642 368 2680 nt
380 2641 430 2674 ita
447 2640 610 2681 dixerim,
629 2640 768 2675 videtui·
785 2650 874 2682 esse,
889 2640 988 2674 nulla
1005 2640 1212 2686 praefatione
1226 2639 1332 2682 sacta,
1350 2638 1474 2673 Judici
1489 2649 1561 2673 rem

116 2701 311 2737 exponere,
326 2696 461 2739 quanto
477 2693 626 2739 magis‚’'
642 2697 679 2729 et
695 2705 777 2739 quae
794 2697 1006 2739 sequuntur.
