1839 3229
230 188 309 232 132
790 192 825 234 Ι.
854 191 1120 237 TAYLORI
1561 228 1573 245 ,

223 307 282 331 ma
315 309 354 332 se
390 297 596 341 inseruisse,
629 299 785 334 maxime
818 311 903 335 cum
946 301 983 335 id
1019 301 1190 335 Romanis
1216 302 1361 336 solenne
1393 302 1510 343 suerit,
1538 302 1601 346 qui
1629 301 1677 335 ab

221 352 453 387 AEolensibus
464 354 623 398 linguam
640 365 742 388 snam
761 359 890 388 mutuo
906 365 1101 399 sumpsere.
1139 355 1232 390 Inde
1250 356 1347 400 quod
1365 355 1400 389 hi
1414 361 1676 397 Aaroc,'rai-·wv,

220 413 312 450 Οῖις,
332 413 437 449 Βοεος
449 409 662 452 exarabant,
676 409 727 443 illi
743 409 853 443 literis
872 410 944 443 suis
969 409 1142 444 dixerunt
1158 410 1292 453 Davus,
1310 410 1421 452 Pavo,
1439 410 1534 453 Ovis,
1552 410 1675 445 Bovis.

219 463 423 499 Priscianus
439 468 536 499 certe
554 476 591 500 se
609 465 780 510 scriptum
807 465 982 510 reperisse
998 468 1151 500 testatur
1176 467 1212 500 in
1229 467 1478 501 vetustissimo
1496 467 1676 512 Apollinis

219 519 371 562 tripode,
385 521 448 565 qui
465 525 541 555 erat
556 522 595 555 in
619 520 832 565 Xerolopho
860 521 1034 561 CPoieos,
1059 522 1269 565 Anpogvtirwv
1287 523 1510 556 Aarondrwv.
1559 523 1676 557 Recte

218 583 319 617 sane,
336 577 446 620 atque
462 576 597 610 idcirco
614 575 824 619 Hesychius
842 576 877 608 in
894 586 929 609 v.
953 577 1209 620 προτιάπτω,
1231 576 1429 621 προπέμπω,
1446 577 1492 612 ad
1509 577 1677 612 Homeri-

217 639 301 663 cum
314 629 434 664 locum
453 631 660 675 respiciens,
678 631 740 675 qui
758 629 860 663 initio
879 629 1017 663 Iliados
1034 630 1165 675 legitur

543 695 681 732 Πολλὰς
697 693 723 724 δ’
743 692 892 735 ἰφθίμους
903 691 1018 736 ψυχὰς
1034 693 1102 726 ἁϊόἱ
1119 694 1294 738 προΐαψε
1305 708 1326 728 ν

540 748 689 791 Ἡρώων,

215 810 245 844 si
262 810 476 844 emendetur
491 810 702 854 προτιάπτω,
720 810 908 854 προπέμπω
922 810 1065 855 (quidni
1081 814 1203 846 autem
1219 812 1270 846 ita
1286 813 1499 848 emendetur
1510 814 1541 857 2)
1564 812 1674 847 fidem

215 865 325 899 faciet
341 865 609 910 antiquissimos
626 864 781 898 Homeri
798 865 943 899 codices
958 864 1012 899 ita
1033 865 1141 900 fuisse
1157 870 1338 910 exaratos,
1354 879 1427 913 qua
1440 868 1567 902 itidem
1585 869 1677 913 ἀκρι-

215 923 305 967 βείᾳ,
319 932 421 955 suam
435 921 646 964 editionem,
661 931 769 966 quam
787 931 859 954 non
873 921 1001 955 minori
1012 922 1148 966 ingenii
1158 922 1327 957 felicitate
1340 925 1488 958 molitur
1497 924 1673 969 quotidie,

214 987 323 1019 quam
340 987 406 1010 nos
427 987 553 1011 omnes
570 976 797 1011 vehementia
819 978 1108 1021 exspectationis
1125 979 1376 1022 efflagitamus,
1402 980 1557 1014 describi
1573 990 1674 1014 cura-

213 1031 267 1065 bit
281 1031 454 1066 bonarum
472 1032 634 1067 omnium
652 1030 784 1066 artium
801 1035 913 1066 stator
930 1035 967 1066 et
984 1033 1134 1076 vindex,
1160 1034 1378 1068 clarissimus
1394 1033 1595 1070 Bentleius.
1623 1033 1675 1068 Ut

213 1087 374 1131 redeam,
392 1086 462 1121 hoc
479 1087 585 1132 quasi

726 1146 748 1163 “
763 1155 889 1189 regens
905 1145 1059 1189 vestigia
1070 1145 1164 1188 filo‚”

210 1224 443 1258 vexatissima
457 1225 526 1258 ista
541 1224 646 1270 ῥήγεα
660 1225 716 1259 vel
731 1225 825 1265 ἡνία,
836 1224 966 1270 εἵματα,
979 1225 1139 1269 δέσματα,
1157 1236 1223 1268 σιγ
1234 1227 1283 1257 αλ
1293 1227 1329 1258 όε
1338 1239 1357 1259 ν
1368 1239 1427 1268 τα,
1446 1236 1529 1271 quae
1541 1224 1676 1271 passim

211 1281 309 1324 apud
325 1280 532 1315 Homerum
549 1281 732 1324 leguntur,
751 1283 792 1313 ut
810 1280 916 1314 Iliad.
934 1284 972 1312 E.
991 1281 1072 1313 226.

489 1346 585 1380 Ἀλλ’
596 1347 670 1390 ἆγε,
684 1348 748 1379 νῦν
757 1345 918 1389 μάστιγα,
934 1345 988 1378 καὶ
1004 1344 1084 1384 ἡνία
1102 1357 1138 1378 σι
1147 1358 1166 1388 γ
1176 1344 1268 1377 αλόε
1277 1357 1298 1377 ν
1308 1357 1355 1377 τα

493 1402 603 1441 Δέξαι.

213 1447 319 1482 Iliad.
335 1455 377 1484 X.
397 1450 478 1483 154.

490 1498 610 1539 Καλοὶ,
628 1498 767 1538 λαΐνεοι,
785 1499 840 1530 ὅθι
855 1496 974 1541 εἵματα
992 1498 1155 1541 σιγαλὸε
1166 1509 1242 1529 vra

490 1552 687 1586 Πλύνεσκον
711 1554 832 1597 Τρώων
841 1554 971 1595 ἄλοχοι.

209 1596 304 1631 lbid.
322 1600 404 1633 468.

489 1648 579 1687 Τῆλε
596 1646 621 1680 δ’
636 1647 707 1679 ἀπὸ
725 1649 845 1690 κρατὸς
863 1646 916 1689 χέε
935 1646 1082 1690 δέσματα
1100 1646 1251 1689 σιγαλὸ
1264 1656 1374 1677 εντα.
1686 1638 1706 1652 “

125 1711 191 1742 704
208 1708 391 1742 emendari
401 1707 514 1751 jubeo
534 1719 675 1753 semper
691 1710 927 1743 σιΡαλὸῖεντα.
977 1707 1051 1749 Qui
1069 1717 1090 1740 a
1107 1709 1185 1751 σι’γη
1201 1705 1392 1740 deducunt
1405 1704 1457 1738 vel
1471 1703 1593 1749 potius
1609 1715 1673 1739 co·-

206 1766 310 1807 gunt,
328 1773 473 1806 operam
493 1763 635 1798 ludunt.
685 1766 852 1797 Σιαλῶσαι
878 1763 976 1807 apud
1008 1761 1235 1805 Hesychium
1266 1763 1320 1793 est
1345 1760 1505 1793 ποικίλαι.
1553 1760 1671 1794 Recte

204 1818 315 1862 igitur
333 1820 497 1862 Σιγαλόεν
513 1818 696 1862 (corrupte
718 1823 743 1851 Γ
760 1829 825 1862 pro
844 1818 892 1860 F)
909 1816 1102 1861 exponitur
1118 1816 1162 1849 ab
1179 1815 1321 1855 eodem,
1348 1816 1500 1848 ποικίλον
1526 1818 1570 1858 τῇ
1589 1828 1669 1858 γρα-

204 1877 262 1917 φῇ,
287 1875 447 1917 λαμπρὸν
471 1876 541 1905 etc.
559 1875 580 1914 †
599 1874 823 1915 Σιγαλόεντα,
841 1873 996 1915 λαμπρὰ,
1014 1872 1161 1911 ποικίλα,
1181 1871 1234 1902 καὶ
1249 1871 1294 1902 τὰ
1309 1870 1417 1913 ὅμοια.
1468 1868 1578 1902 Porro
1594 1878 1667 1912 quo

204 1930 312 1972 pacto
328 1928 526 1961 miscentur
541 1932 577 1969 Γ,
595 1926 627 1960 F
643 1929 680 1960 et
695 1932 732 1967 T,
750 1927 802 1960 ita
816 1935 1078 1970 nonnunquam
1093 1927 1238 1968 propter
1254 1923 1513 1966 cognationem
1529 1928 1556 1956 A
1574 1925 1611 1956 et
1625 1928 1669 1958 A.

206 1984 267 2018 Ita
281 1984 381 2017 Αἰταί
399 1983 576 2026 Θυγατέρες
593 1984 669 2021 Διὸς
691 1982 724 2015 αὶ
741 1985 811 2021 τοῖς
834 1981 997 2025 δεομένοις
1011 1981 1210 2023 βοηθοῦσαι,
1230 1977 1387 2011 rescribe
1414 1988 1498 2012 culn
1517 1977 1568 2011 H.
1587 1978 1668 2011 Ste—

204 2039 325 2083 phano
342 2039 479 2072 Λιταί.
529 2036 590 2070 Ita
607 2036 703 2070 enim
723 2035 910 2070 Homerus
928 2035 973 2069 Il.
990 2041 1017 2071 Ι.
1030 2037 1111 2070 498.

526 2103 591 2134 Καὶ
604 2100 668 2145 γάρ
686 2113 719 2134 τε
737 2101 850 2133 λιταί
867 2100 928 2133 εἱσι
945 2101 1021 2137 Διὸς
1038 2102 1150 2144 κοῦραι
1168 2098 1338 2143 μεγάλοιο.

204 2165 255 2200 Et
268 2164 431 2199 similiter
445 2164 481 2197 in
497 2163 619 2198 media
643 2174 732 2198 voce
760 2163 890 2197 Ἰαλάσι
908 2163 1052 2208 δεσμοῖς.
1102 2162 1204 2205 Lege
1222 2159 1367 2195 Ἰλλάσι.
1417 2158 1511 2202 Quae
1530 2162 1586 2195 est
1601 2159 1668 2194 ite-

202 2231 283 2254 rum
300 2230 373 2255 vox
387 2219 598 2263 Homerica,
617 2218 724 2253 Iliad.
743 2224 786 2252 N.
802 2221 884 2253 571.

668 2283 736 2315 Τόν
754 2282 782 2315 τ’
798 2283 906 2325 οῦρεσι
920 2283 1079 2323 βουκόλοι
1097 2281 1213 2325 ἄνδρες

495 2340 521 2373 '1
532 2340 639 2373 λλάσ
649 2352 688 2372 ιν
705 2340 764 2372 οὐκ
781 2338 943 2371 ἐθέλοντα
954 2338 1013 2381 βίῃ
1033 2337 1199 2378 δήσαντες
1212 2338 1367 2380 ἄγουσιν.

200 2401 370 2436 Vicissim
395 2406 509 2441 Arma
520 2416 543 2444 ι,
567 2403 696 2445 ἄνεμοι,
746 2400 916 2435 Rescribe
944 2400 1108 2441 Ἀῆται.
1161 2399 1303 2432 Iterum
1335 2395 1507 2431 emendat
1536 2404 1664 2429 vocem

199 2457 366 2499 eandem,
383 2460 419 2489 et
435 2457 471 2490 in
493 2462 519 2490 A
539 2467 602 2501 pro
619 2458 760 2499 ἄνται,
782 2458 909 2500 ἄνεμοι,
927 2454 1082 2488 rescribo
1100 2454 1237 2498 optimo
1250 2452 1334 2496 jure
1360 2451 1509 2490 Ἀῆται
1537 2452 1665 2494 ἄνεμοι.

198 2512 250 2546 Et
274 2512 354 2546 haec
381 2511 532 2545 fortasse
560 2514 616 2545 est
639 2511 738 2544 labes
763 2511 892 2554 glossae
907 2509 1008 2543 istius
1025 2509 1268 2553 βαιμιίζειν,
1291 2506 1520 2549 βασιλεύεινὴ
1536 2505 1666 2548 βαστά-

197 2569 276 2605 ζειν.
328 2565 385 2600 Ibi
404 2576 538 2610 repono
552 2566 707 2609 primum
726 2567 827 2607 Βλιμ
839 2566 907 2603 άζε
919 2578 971 2598 ιν.
1000 2563 1131 2598 deinde
1148 2562 1331 2603 confirmo,
1356 2561 1534 2604 Βλιμάζειν
1548 2558 1668 2603 primo

196 2627 235 2656 ct
247 2622 392 2667 proprie
418 2624 475 2655 est
497 2622 671 2664 mulgere,
702 2621 806 2665 quasi
831 2621 1059 2664 Θλιβομάζειν.
1111 2619 1156 2653 Id
1182 2618 1341 2662 Etymon
1372 2616 1490 2649 debeo
1521 2614 1665 2649 erudito

200 2677 414 2711 Scholiastae
431 2676 614 2720 Aristoph.
633 2677 703 2710 Av.
716 2679 799 2710 530.
851 2676 911 2710 Ita
929 2675 1135 2719 Hesychius
1152 2674 1332 2717 Βλιμάζειν
1343 2674 1381 2705 τὸ
1396 2671 1602 2712 τηθολαβεῒν
1618 2671 1664 2704 οἱ·

193 2736 261 2767 ovet
291 2735 421 2776 θλίβειν
448 2735 468 2774 ἡ
498 2733 671 2775 βαστάζει.
702 2730 725 2764 f.
754 2732 904 2774 θλιβομ,
914 2744 992 2766 aar
1005 2732 1090 2769 ἁζει
1103 2744 1121 2763 ν
1143 2740 1228 2762 cuin
1254 2727 1456 2761 scholiaste.
1506 2724 1666 2766 Deinde,

196 2789 258 2821 ubi
286 2788 407 2822 omnia
435 2798 547 2822 manu
573 2782 801 2830 regebantur,
828 2786 998 2830 quoniam
1031 2784 1237 2828 principum
1262 2784 1339 2816 erat
1363 2784 1400 2814 et
1416 2779 1661 2824 potentiorum

192 2843 309 2887 plebis
326 2854 508 2877 crmnenas
524 2841 691 2887 mulgere,
719 2842 872 2886 exponit
901 2839 1062 2882 Hesych.
1094 2839 1129 2871 in
1161 2837 1323 2871 secundo
1351 2836 1429 2868 loco
1456 2835 1660 2876 βασιλεύειν,

193 2898 375 2942 Didymus
392 2901 529 2940 κακοῦν,
555 2898 765 2939 ἀποτιλλειν,
794 2898 993 2930 κατεσθίειν.
1043 2893 1230 2937 Significat
1255 2890 1412 2934 denique
1445 2889 1550 2922 tertio
1581 2888 1663 2921 loco

192 2957 355 2988 ventrem
375 2954 494 2990 avium
511 2952 772 2990 contrectando
794 2953 838 2986 de
857 2960 980 2986 earum
1002 2948 1162 2984 bonitate
1182 2946 1336 2991 experiri
1353 2956 1360 2980 ι
1397 2944 1455 2979 lta
1472 2942 1659 2987 Aristopli.

191 3009 262 3046 Av.
280 3013 359 3045 526.
