1819 3219
664 196 854 246 LYSIAE
884 194 1037 238 VITA.
1525 197 1579 238 33

128 302 262 347 virtus,
282 294 369 339 nam
396 300 496 339 inter
521 296 570 340 se'
591 312 704 352 pares
734 314 810 339 non
840 301 1010 349 suerunt,
1031 312 1214 339 summam
1234 312 1331 351 pene
1351 300 1504 340 laudem
1521 308 1581 339 est

122 369 353 409 consecuta,
374 364 429 401 ita
456 363 515 401 his
535 362 753 410 exstinctis,
771 362 962 413 optimum
981 363 1076 401 illud
1098 376 1219 413 genus
1237 362 1471 413 eloquentiae
1501 368 1581 401 stu·

126 423 312 475 diumque
339 424 498 463 dicendi
537 424 675 462 sensim
705 425 889 474 elanguit.
947 425 1008 463 Ad
1040 425 1124 462 haec
1154 424 1323 462 Athenae
1351 436 1425 461 non
1456 424 1579 462 solum

127 485 242 537 -Reip,
263 486 475 536 prudenter
494 485 696 531 institutae,
719 499 845 523 verum
868 486 983 524 etiam
1011 499 1101 524 cum
1128 486 1399 524 moderatione
1416 485 1580 523 admini-

124 553 260 586 -stratae
276 548 398 600 gloria
416 548 643 593 floruerunt,
669 553 788 598 atque
809 548 858 586 ad
878 549 899 586 J
905 548 1226 599 urisprudentiam
1247 549 1465 586 Romanam
1486 560 1580 585 con-

127 609 308 656 dendam,
329 624 418 661 quae
438 610 542 648 hisce
562 609 799 660 temporibus
822 611 915 648 XII.
937 610 1078 648 tabulis
1103 609 1271 648 describi
1296 609 1431 659 coepit,
1452 609 1581 647 consi·

128 670 221 709 lium
251 685 360 710 suum
389 677 428 711 et
456 673 728 710 auctoritatem
756 672 920 723 largitae,
954 672 1151 723 sapientiae
1182 672 1500 711 existimationem
1530 671 1578 709 ad

125 744 279 771 omnem
298 733 519 772 memoriam
535 740 814 784 propagarunt.
870 733 1008 772 Talem
1029 734 1164 773 habuit
1181 733 1366 772 nascendi
1386 732 1579 771 conditio-

126 805 213 833 nem
234 795 409 846 Scriptor
436 802 581 841 noster,
612 808 691 845 qua
723 795 827 833 nulla
857 794 1042 834 illustrior
1061 802 1129 834 aut
1147 795 1349 847 gloriosior
1368 793 1579 845 excogitari

126 856 267 905 possit.

181 917 306 956 Natus
342 925 404 957 est
435 919 623 958 Athenis*
657 919 816 970 Olymp.
848 918 1016 965 LXXX,
1046 924 1084 958 2.
1117 920 1293 959 Philocle
1331 920 1577 959 Arelionte.†

128 977 282 1017 Patrem
315 979 452 1018 habuit
479 979 714 1030 Cephalum1
738 980 1024 1031 Syracusanum
1051 981 1228 1031 Lysaniae
1260 981 1303 1020 F.
1329 981 1492 1033 Cephali
1512 980 1579 1027 N.,

127 1091 229 1122 unica.
258 1093 354 1122 Vm.
370 1092 592 1122 Demosthenes
608 1095 695 1120 natus
706 1090 831 1130 Olymp.

129 1135 257 1166 XCIX.
273 1137 304 1165 41.
348 1135 411 1165 IX.
434 1134 625 1174 Hyperides,
645 1134 683 1163 ab
705 1134 833 1173 Antipa-

124 1182 187 1214 tro,
218 1177 325 1208 eodem
359 1178 423 1208 fere
453 1181 602 1218 tempore,
629 1187 690 1215 quo
720 1178 835 1207 Demo-

128 1221 263 1258 sthenes,
288 1221 497 1260 interemptus.
543 1220 589 1250 Χ
613 1219 754 1258 Denique
777 1219 835 1249 Di-

128 1265 259 1294 narchus
285 1269 372 1294 natus
395 1263 520 1303 Olymp.
539 1263 623 1292 CIV.
638 1265 668 1292 4.
715 1263 833 1292 Horum

129 1306 261 1337 omnium
277 1307 483 1346 Scriptorum,
502 1307 529 1335 si
544 1306 737 1345 Hyperidem
753 1306 834 1335 exci-

127 1350 258 1390 piamus,
274 1350 412 1389 quaedam
428 1350 466 1379 ad
481 1354 614 1379 nostram
632 1353 752 1378 aetatem
768 1359 836 1389 per-

128 1403 260 1423 venere:
295 1394 409 1423 Eorum
441 1393 520 1423 vitas
550 1392 648 1421 literis
679 1391 836 1431 complexi

129 1441 198 1466 sunt
214 1436 413 1471 Plutarchus,
427 1439 458 1465 et
472 1435 604 1466 Photius
620 1435 650 1464 in
669 1434 836 1464 Bibliothe-

166 1479 423 1509 ‚Nonnullorum
432 1478 521 1509 etiam
532 1478 744 1508 Philostratus.
768 1476 838 1508 Γένει

127 1522 184 1564 μὲν
197 1522 244 1552 καὶ
256 1522 418 1561 ἀξιώματι,
433 1522 505 1552 πολυ
518 1521 685 1562 προύχοντος
695 1521 839 1557 ἁπάντων,

126 1564 243 1605 παιδείᾳ
271 1564 298 1596 δὲ
322 1576 369 1594 και
393 1564 482 1603 λόγων
508 1564 623 1604 δυνάμει
652 1563 691 1594 'rii'
715 1563 840 1594 ‘Am-aun

131 1608 234 1639 Δεκίιδι
249 1607 477 1648 παραβάλλοις”
460 1618 503 1637 αν.
530 1607 659 1637 Lucian.
669 1608 698 1637 in
712 1607 837 1646 Scytha.

129 1651 239 1681 Leont.
252 1651 417 1690 Antholog.
435 1651 496 1680 ΙΙΙ.
514 1652 568 1680 30.

130 1708 261 1750 Χειρεδίου
273 1708 334 1740 τόδε
347 1711 444 1750 σῆμα,
457 1707 504 1738 τὸν
514 1707 623 1748 ἔτρεφεν
635 1706 732 1740 Ἀτθὶς
743 1706 839 1748 ἄρουρα

195 1752 289 1783 Εἴκονοι
300 1753 415 1793 §na-vigam
429 1753 480 1786 τῆς
493 1750 628 1792 προτέροις
645 1750 776 1784 Δεκάδος.

132 1821 207 1851 Erat
222 1819 300 1850 enim
316 1818 374 1848 alia
389 1823 419 1849 et
436 1817 593 1858 posterior
604 1819 718 1853 Decas,
730 1818 769 1847 de
782 1828 841 1856 qua

128 1862 336 1893 'consulendus
352 1861 441 1892 Suid.
463 1862 494 1891 in
514 1859 718 1900 Νικόστρατος,
736 1860 839 1890 Philo-

130 1910 216 1936 strat.
243 1905 274 1935 in
299 1905 439 1942 Herode,
463 1905 582 1935 Auctor
608 1903 784 1943 Prolegom.
810 1904 840 1933 in

128 1948 308 1979 Aristidem.

169 1992 188 2010 ’ᾖ
205 1991 333 2022 Athenis
349 1994 443 2021 certe.
475 1990 629 2028 Cephalus
642 1989 734 2018 Pater
747 1989 840 2018 Athe-

124 2045 180 2065 nas
190 2033 368 2074 commigrat
379 2033 542 2073 Syracusis
554 2032 659 2062 XXX
667 2055 673 2061 .
681 2042 775 2062 annos
786 2042 837 2061 un—

126 2082 158 2108 te
173 2079 348 2108 decessum.
377 2076 486 2116 Lysias
497 2086 525 2105 c.
539 2075 695 2105 Eratosth.
727 2074 835 2114 Lysias

127 2120 347 2160 quindecennis
363 2121 521 2159 profectus
536 2123 584 2148 est
593 2117 740 2153 Thurios,
751 2122 838 2158 patre

127 2164 186 2202 jam
200 2168 348 2193 emortuo.
377 2161 535 2192 Plutarch.
549 2161 579 2190 in
594 2161 647 2191 vit.
677 2161 780 2201 Atque
795 2162 837 2190 ita

128 2206 250 2242 suidas,
274 2206 327 2246 qui
349 2204 474 2245 Lysiam
498 2205 721 2244 Syracusanum
748 2208 838 2234 vocat

128 2250 167 2288 (i.
184 2259 210 2278 e.
237 2258 359 2288 genere,
384 2251 415 2278 et
440 2247 699 2287 majoribus),·ait
725 2252 837 2283 tamen,

128 2290 240 2333 ἐτέχθη
256 2290 279 2321 δ’
292 2290 318 2321 ἐν
335 2290 470 2324 Ἀθήναις.
513 2291 653 2321 Justinus
667 2289 790 2330 quidem
807 2295 836 2320 et

129 2345 241 2374 genere
266 2338 298 2365 et
324 2333 476 2364 natalibus
492 2333 629 2363 Siculum
657 2343 726 2363 esse
750 2333 835 2363 velit.

129 2384 139 2397 ⁸
153 2377 274 2417 Lysias,
289 2378 499 2417 Syracusanus
514 2377 637 2412 Orator,
650 2376 738 2406 exsul
753 2379 837 2412 tunc,

129 2422 311 2461 quingentos
333 2420 448 2450 milites
470 2419 625 2458 stipendio
648 2430 703 2449 suo
725 2419 837 2449 instru-

128 2470 197 2495 ctos
220 2464 252 2494 in
275 2463 424 2494 auxilium
448 2463 557 2501 patriae
582 2462 750 2492 communis
775 2462 837 2492 elo-

128 2507 260 2556 quentiae
285 2505 391 2537 misit.
419 2506 460 2535 V
476 2508 508 2537 9
524 2509 556 2535 et
570 2505 702 2535 Timaeus
717 2515 838 2545 quoque

127 2556 206 2581 teste
218 2550 379 2580 Cicerone.
409 2549 555 2579 ‘Catonis
568 2552 669 2578 autem
685 2548 838 2578 orationes

128 2604 189 2623 non
203 2593 302 2623 minus
318 2593 422 2623 multae
436 2593 501 2622 fere
526 2596 608 2627 sunt,
629 2602 716 2640 quam
741 2591 838 2621 Attici

129 2637 342 2676 Lysiae—est
354 2635 435 2665 enim
446 2633 568 2665 Atticus
581 2645 588 2664 ε
604 2634 743 2673 quoniam
754 2639 838 2664 certe

129 2677 258 2710 Athenis
274 2682 323 2709 est
345 2683 376 2708 et
396 2681 485 2707 natus
501 2682 532 2707 et
547 2683 698 2713 mortuus,
723 2681 753 2706 et
774 2678 839 2706 fun-

128 2727 199 2752 otus
222 2721 305 2752 omni
320 2721 436 2752 civium
450 2731 587 2756 munere,
602 2730 771 2760 quanquam
788 2721 841 2750 'ri-

127 2775 223 2796 maeus
240 2775 308 2795 eum
329 2764 418 2803 quasi
440 2763 563 2793 Licinia
586 2769 619 2793 et
642 2763 747 2793 Mucia
771 2763 839 2803 lege

127 2808 242 2847 repetit
265 2805 458 2849 Syracusas.’
503 2808 552 2836 De
576 2807 624 2836 Ol.
648 2806 840 2836 Oratoribus.

129 2851 249 2882 Eadem
262 2851 337 2885 fere,
354 2860 421 2889 quae
436 2849 588 2884 Justinus,
602 2849 694 2879 habet
710 2849 840 2879 Orosius

128 2893 175 2922 ΙΙ.
185 2896 238 2924 2⁷.
258 2889 268 2910 ²
281 2892 391 2932 Lysias
406 2902 527 2932 quoque
539 2893 750 2931 Syracusanus
763 2894 839 2922 Ora-

129 2939 189 2971 tor,
205 2936 291 2975 quasi
313 2936 342 2965 in
364 2936 515 2966 auxilinm
544 2936 639 2971 urbis,
664 2945 732 2974 quae
756 2941 839 2965 esset

127 2978 230 3016 patria
251 2978 420 3008 communis
444 2979 638 3017 eloquentiae,
655 2978 838 3018 quingentos

126 3020 246 3052 milites
262 3031 329 3050 cum
343 3021 503 3059 stipendiis
516 3021 580 3051 suis
593 3020 698 3051 misit?

176 3066 191 3096 †
206 3063 291 3094 Male
314 3063 498 3094 Plutarchus
513 3063 595 3104 (sive
612 3068 718 3094 auctor
733 3074 835 3095 recen-

869 1091 941 1127 tior,
965 1091 1016 1130 qui
1039 1092 1197 1123 Plutarchi
1227 1094 1347 1123 nomine
1375 1092 1535 1131 abutitur),
1549 1093 1580 1122 in

869 1134 980 1173 Lysia:
1004 1135 1144 1174 γενόμενος
1167 1135 1346 1166 Ἀθήνη-ψ’
1337 1136 1392 1167 επὶ
1417 1135 1582 1170 Φιλοκλέους

867 1177 1001 1218 ἄρχοντος
1016 1178 1065 1206 τοῦ
1079 1180 1161 1217 μετὰ
1170 1180 1314 1219 Φρασικλῆ
1326 1181 1405 1209 κατὰ
1416 1178 1449 1208 τὸ
1465 1178 1581 1220 δεύτερον

868 1219 930 1254 ἔτος
943 1222 993 1254 τῆς
1008 1219 1189 1258 ὀγδοηκοστῆς
1204 1222 1251 1251 καὶ
1272 1221 1399 1262 δευτέροις
1421 1221 1580 1261 Ἅολυμωι

869 1263 1197 1302 &3043C0r1ige2‘rofi
1219 1266 1302 1304 μετὰ.
1322 1264 1580 1317 Φρασικλείδην

869 1308 949 1336 κατὰ
974 1306 1007 1335 τὸ
1031 1306 1186 1347 δεύτερον”
1173 1320 1235 1341 ετος
1259 1319 1309 1341 της
1336 1306 1580 1346 ὀγδοηκοστῆς

870 1348 1075 1388 Ὀλυμπιάδος.
1092 1351 1164 1380 vid.
1176 1351 1307 1381 Palmer.
1318 1351 1583 1382 ExercitMeurs.

870 1393 966 1423 Attic.
980 1394 1065 1423 Lect.
1078 1394 1133 1429 IV,
1145 1396 1195 1424 14.
1213 1395 1298 1424 lons,
1314 1395 1352 1424 de
1367 1394 1484 1433 Script.
1497 1394 1581 1424 Hist.

871 1435 1052 1475 Philosoph.

914 1483 929 1516 ‡
945 1479 1062 1509 Praeter
1070 1479 1238 1518 Cephalum
1246 1480 1470 1519 Syracusanum
1480 1479 1582 1519 Lysiae

871 1527 989 1561 patrem
1011 1522 1068 1552 suit
1091 1523 1209 1552 Rhetor
1231 1523 1354 1562 quidam
1372 1523 1582 1559 Atheniensis,

873 1566 1028 1604 Cephalus
1038 1566 1170 1602 nomine,
1181 1577 1256 1605 quos
1266 1566 1345 1596 inter
1357 1576 1388 1596 se
1401 1566 1582 1596 commisere

872 1607 1092 1647 imperitiores.
1138 1610 1304 1640 Rhetorem
1322 1610 1400 1639 hunc
1424 1614 1456 1639 et
1479 1610 1581 1639 dema-

875 1661 986 1689 gogum
1002 1657 1171 1681 memorant
1194 1652 1337 1682 Dinareh.
1355 1663 1383 1682 c.
1401 1653 1583 1682 Demosthe-

874 1703 955 1729 nem,
973 1694 1149 1724 Andocides
1166 1696 1291 1734 saepius‚
1306 1695 1483 1730 Athenaeus,
1496 1694 1583 1725 Suid.

874 1735 905 1764 in
922 1736 960 1765 V.
974 1737 1078 1766 Tzetz.
1098 1737 1177 1766 Add.
1196 1737 1354 1776 Aristoph.
1370 1738 1489 1768 EccleS.
1507 1740 1581 1770 248.

875 1790 930 1819 σχ.
946 1780 984 1809 ad
1000 1780 1060 1809 loc.
1076 1781 1155 1809 etad
1170 1782 1244 1811 253.
1290 1782 1507 1820 Fragmentum
1524 1780 1583 1810 Ce—

874 1822 957 1859 phali
982 1824 1139 1860 proferunt
1163 1823 1250 1852 Suid.
1268 1828 1298 1852 et
1315 1824 1418 1864 Etym.
1436 1825 1482 1854 M.
1505 1824 1534 1853 in
1552 1835 1582 1853 v.

873 1863 1040 1904 Ἐπιτιμία.
1066 1866 1195 1894 Ioannes
1218 1866 1348 1895 Tzetzes
1371 1867 1460 1896 homo
1485 1868 1583 1896 bonus

875 1907 1004 1937 Chiliad.
1017 1908 1055 1938 V.
1069 1910 1121 1938 54.
1134 1909 1294 1938 confundit
1306 1909 1476 1949 Cephalum
1492 1910 1583 1948 Syra-

873 1960 1021 1980 cusanum
1045 1951 1148 1990 Lysiae
1171 1957 1300 1990 patrem,
1317 1952 1483 1991 Cephalum
1502 1953 1583 1982 Rhe-

874 1996 982 2030 torem,
999 1994 1037 2022 de
1053 2004 1114 2033 quo
1129 1995 1157 2023 in
1175 1995 1319 2033 praesenti
1336 1995 1466 2034 agimus,
1481 1999 1513 2025 et
1524 1996 1583 2026 Ce-

872 2036 994 2075 phalum
1008 2036 1055 2066 τόν
1064 2036 1183 2067 παλαιὸν
1199 2038 1251 2078 (ut
1265 2048 1332 2068 eum
1350 2043 1440 2068 vocat
1462 2038 1584 2068 AEschi-

873 2089 927 2109 nes
941 2090 967 2108 c.
981 2080 1119 2119 Ctesiph.
1135 2079 1260 2122 [§.24.])
1273 2081 1323 2120 qui
1333 2081 1583 2121 Aristophontem

873 2122 1084 2152 adversarium
1110 2130 1216 2153 nactus
1240 2129 1287 2154 est
1312 2125 1372 2164 περὶ
1399 2126 1487 2154 καλοῦ
1513 2125 1584 2160 βίου,

872 2169 941 2195 uter
953 2176 998 2195 sc.
1012 2166 1122 2196 melius
1137 2171 1256 2196 :etatem
1273 2168 1382 2207 egerit,
1396 2168 1449 2197 ubi
1465 2168 1585 2207 Cepha-

872 2208 920 2237 lus
944 2208 1029 2239 laudi
1054 2209 1145 2239 duxit
1169 2221 1202 2240 se
1222 2220 1373 2250 uunquam
1390 2212 1498 2250 φυγεῖν,
1515 2210 1586 2241 Ari-

873 2252 982 2290 stopho
1007 2263 1040 2281 se
1062 2263 1144 2291 saepe
1167 2254 1276 2291 φυγεῖν,
1296 2253 1399 2283 ἁλῶναι
1422 2264 1584 2292 nunquam.

872 2294 947 2324 Eam
960 2295 1186 2325 contentionem
1201 2296 1243 2325 ita
1254 2297 1402 2336 exprimit
1412 2296 1519 2326 AEsch.
1527 2297 1548 2327 l.
1557 2308 1585 2326 c.

871 2335 1003 2377 ’Ea-5744«.
1019 2336 1065 2367 δ”
1055 2349 1080 2367 εν
1096 2339 1164 2377 ὑμῖν
1178 2337 1250 2369 ποτὲ
1263 2338 1465 2379 σεμνυνεσθοιι’
1466 2346 1587 2379 Αριστο-

872 2382 928 2420 φῶν
940 2379 1037 2414 ἐκεῖνος
1051 2380 1063 2410 ὃ
1077 2379 1222 2421 Ἀζηνιευς,
1231 2381 1331 2420 λέγων,
1345 2381 1388 2412 San
1403 2382 1514 2422 γραφὰς
1528 2394 1587 2413 ‘mt-

872 2423 996 2464 ςανόμων
1025 2422 1161 2463 πέφευγεν
1191 2424 1386 2477 ἑβδομηκοντα
1413 2426 1462 2454 καὶ
1489 2425 1585 2456 πέντε·

872 2465 942 2495 ἀλλ’
957 2466 1023 2507 οὐχὶ
1037 2467 1050 2496 ὅ
1061 2465 1191 2507 Κέφαλος
1204 2468 1216 2497 ὁ
1229 2466 1351 2503 παλαιός
1365 2467 1461 2502 ἐκεῖνος
1476 2469 1488 2498 ὃ
1504 2469 1586 2499 δοκῶν

872 2509 1110 2562 δημοτικώτατος
1116 2509 1264 2549 γεγονέναι,
1280 2523 1334 2552 ουχ
1347 2522 1445 2547 ουτως,
1457 2511 1526 2541 ἀλλ’
1538 2510 1586 2542 επὶ

873 2554 934 2587 τοῖς
956 2551 1080 2586 ἐναντίοις
1102 2552 1311 2593 ἔφιλοτιμειτο,
1327 2553 1426 2592 λέγων,
1442 2553 1485 2585 δ’τι
1501 2555 1585 2584 πλεῖ-

874 2607 936 2625 στα.
951 2597 1071 2626 πάντων
1086 2598 1234 2636 γεγραφὼς
1246 2594 1444 2637 ψηφίσματα,
1456 2596 1585 2638 ουδεμίαν

875 2639 992 2669 πώποτε
1008 2650 1040 2679 γξ
1030 2641 1112 2677 αφῆν
1132 2650 1167 2668 πε
1160 2638 1254 2679 <pays
1274 2640 1459 2681 παρανόμων.
1491 2642 1585 2674 καλῶς

873 2682 910 2723 (ο.
900 2680 986 2722 Ὗμοιι)
1000 2682 1206 2722 σεμνυνόμενος.
1222 2683 1272 2713 Ita
1287 2684 1433 2713 Tzetzes:

918 2738 1209 2782 Ou'roe[Ceph‘1lus]
1226 2742 1273 2773 καὶ
1296 2743 1474 2776 δικαιότατος
1494 2742 1585 2771 ἁπάν-

1005 2795 1060 2814 ’Των
1075 2797 1102 2815 ην
1117 2784 1240 2826 ῥητόξων,

917 2825 988 2868 Παῤ
999 2826 1064 2858 ὅλην
1077 2828 1179 2858 τούτου
1194 2830 1243 2859 τὴν
1258 2827 1326 2868 ζωην
1339 2830 1383 2868 μὴ
1399 2829 1480 2869 σχὼν
1494 2839 1584 2859 κεκτη·

1001 2868 1103 2911 γορίοις.

917 2910 1089 2953 Ἀριστοφῶν
1108 2912 1136 2943 δὲ
1161 2913 1327 2953 τουμπαλιν
1350 2913 1458 2954 ὑπηξχε
1471 2913 1513 2953 τῷ
1535 2921 1585 2944 Κε-

1003 2956 1098 2994 φάλῳ,

917 2996 977 3027 Ἀει
991 2997 1235 3038 κατηγορούμενος,
1249 3009 1324 3028 νικων
1337 2997 1364 3029 δὲ
1378 2997 1542 3033 ἀντιδίκους.

875 3066 985 3104 Neque
1007 3065 1105 3095 solum
1120 3065 1203 3096 hunc
1219 3076 1351 3097 errorem
1373 3067 1486 3097 erravit
1508 3067 1585 3098 Τπε-

886 3118 901 3137 r
