1819 3219
650 166 841 210 LYSIAE
875 167 1034 210 VITA.
1518 170 1572 211 47

115 280 293 319 libertate
321 277 562 317 Athenarum
590 275 841 315 instauranda
872 289 1013 328 magno
1044 275 1194 315 civibus
1227 276 1370 315 auxilio
1399 276 1573 328 proxime

118 340 309 380 futurusst‘

166 402 322 441 Periere
340 403 479 452 utique
500 400 540 439 in
560 400 634 438 isto
657 399 840 438 incendio
859 400 976 451 Reip.
998 400 1136 438 summi
1158 398 1243 444 viri,
1275 410 1374 448 quos
1404 404 1471 437 aut
1497 399 1573 450 Ty-

117 477 323 503 rannorum
343 462 514 501 crudelis
536 462 721 513 suspicio,
743 467 810 500 aut
829 461 918 500 vitae
949 475 1029 500 suae
1065 460 1261 512 splendor,
1282 466 1321 498 et
1350 461 1572 498 meritorum

116 526 157 564 in
191 526 328 576 Remp.
356 522 587 574 magnitudo
616 524 667 562 ad
694 524 841 562 caedem
872 523 1068 562 destinare
1096 522 1314 561 videbatur.
1371 522 1417 559 In
1436 521 1571 572 primis

115 587 348 633 Niceratus†
375 585 501 624 Niciae
530 586 642 624 istius
663 584 776 631 filius,
808 585 874 636 qui
904 585 943 623 in
978 584 1110 623 Sicilia
1138 584 1230 622 olim
1261 583 1407 622 bellum
1436 582 1571 633 gessit,

115 649 233 687 domo
255 647 407 695 nobilis,
434 646 673 686 fortunarum
704 646 957 697 amplitudine
978 646 1121 685 nemini
1140 646 1293 685 Civium
1313 645 1471 691 cedens,
1492 658 1575 683 mo-

116 710 222 748 ribus
244 709 412 759 denique
433 714 471 745 et
491 707 592 747 fama
612 708 785 746 illustris.
842 709 1055 759 Eucratesss
1087 709 1259 761 ejusdem
1286 707 1413 745 Niciae
1442 706 1577 753 frater,

117 771 368 809 aXXXviris
396 768 447 807 ad
478 769 691 820 tyrannidis
722 770 950 809 societatem
973 770 1169 817 invitatus,
1204 770 1284 807 Leo
1311 768 1575 816 Salaminius,§

113 834 372 884 Autolycus,u
389 832 741 880 Strombichidesffl
765 832 1107 884 Dionysodorusfil
1125 831 1406 882 Aristophanes
1426 831 1576 870 Cholli-

117 895 441 947 deS‚q[Xen0plio
456 894 653 947 Icarius‚q1
669 895 837 946 Hippias
851 894 1065 940 Thasiusfil
1077 893 1578 945 Cleopho,**Calli·ades,††

117 957 368 1009 Lycophron
390 957 558 1009 Lycurgi
582 957 624 995 F.
646 957 809 1007 Lycurgi
830 956 1140 1006 praestantissimi
1159 956 1336 994 Oratoris
1352 962 1478 1007 pater,
1495 958 1577 994 An-

114 1019 550 1069 tipho,ffll'l*.lieramenes
564 1018 797 1065 XXXvir,§§
817 1018 1015 1067 ceterique
1038 1030 1153 1067 quam
1176 1017 1410 1068 plurimisits

170 1081 262 1118 Erat
282 1080 382 1118 inter
401 1081 564 1118 Exsules
588 1079 854 1130 Thrasybulus
876 1080 971 1130 Lyci
1001 1078 1127 1125 RQ*
1153 1079 1268 1117 rebus
1297 1079 1431 1130 gestis,
1458 1092 1575 1130 quam

117 1141 330 1190 domo‚†††
350 1142 548 1180 illustrior.
608 1141 684 1179 Hic
706 1141 771 1179 ubi
787 1141 954 1192 primum
967 1140 1112 1179 Thebis
1133 1141 1318 1178 movisset
1338 1141 1387 1178 ad
1408 1141 1576 1191 patriam

115 1203 371 1248 liberandam,
393 1217 470 1241 non
499 1203 587 1254 plus
608 1202 687 1241 fere
717 1203 854 1241 habuit
883 1216 1029 1248 secum,
1052 1216 1169 1252 quam
1191 1202 1369 1249 XXXm
1398 1202 1448 1240 de
1483 1203 1577 1242 suis.

115 1264 178 1301 Ad
200 1265 348 1315 Phylen
368 1264 484 1315 igitur
504 1277 645 1315 pagum
665 1265 788 1315 (quod
810 1270 891 1302 erat
911 1265 1115 1303 castellum
1143 1264 1181 1301 in
1203 1264 1338 1302 Attica
1366 1265 1576 1303 munitissi-

117 1337 234 1372 mum,
255 1332 295 1363 et
313 1326 363 1363 a‘b
385 1326 477 1364 urbe
499 1326 670 1364 distabat
691 1326 815 1364 stadia
836 1326 993 1364 circiter
1021 1328 1194 1374 centum)
1221 1339 1261 1363 se
1288 1326 1480 1376 recipiens
1509 1339 1577 1364 co-

115 1389 203 1438 pias
221 1387 398 1425 celeriter
417 1388 537 1434 auxit,
568 1387 828 1438 brevibusque
847 1387 1140 1426 excursionibus
1162 1388 1285 1425 aciem
1307 1388 1578 1438 Tyranuorum

115 1449 152 1486 in
174 1449 303 1499 fugam
325 1449 451 1487 vertit.
508 1449 654 1487 Utilem
679 1451 718 1487 in
748 1463 793 1487 ea
814 1463 853 1487 re
885 1462 1043 1500 operam
1065 1450 1221 1487 navavit
1248 1450 1402 1487 Auctor
1429 1455 1575 1496 noster,

117 1510 203 1548 “in
224 1510 408 1549 auxilium
432 1511 549 1556 urbis,
573 1523 662 1561 quae
692 1518 795 1549 esset
826 1511 953 1562 patria
985 1510 1201 1549 communis
1234 1511 1487 1562 eloquentiae,
1521 1517 1578 1555 ID

117 1572 256 1611 milites
276 1586 364 1611 cum
386 1573 586 1624 stipendiis
609 1573 786 1621 suis,''§{§
806 1573 977 1611 mittens.
1033 1572 1301 1624 Thrasybulus
1329 1585 1478 1623 paucos
1495 1573 1579 1612 dies

159 1683 178 1702 ³¹*
192 1683 265 1722 Lys.
277 1693 304 1712 c.
317 1682 472 1712 Eratosth.
483 1682 634 1712 Plutarch.
649 1687 680 1712 et
691 1682 830 1712 PhotiuS.

162 1728 176 1757 'l
188 1727 264 1766 Lys.
276 1737 304 1755 c.
315 1725 460 1756 Poliuch.
472 1725 616 1764 Xenoph.
630 1725 786 1756 Hellenic.
799 1728 828 1755 Q,

117 1768 224 1799 Nicias
241 1769 375 1807 quidam,
385 1768 415 1798 in
429 1769 514 1798 Orat.
527 1769 625 1798 Isocr.
640 1779 707 1807 quae
723 1768 830 1798 inscri-

116 1812 200 1841 bitur
214 1811 393 1852 ἀμάςτυςοςε
406 1810 498 1841 ἐπειδὴ
510 1811 531 1840 οῖ
545 1816 563 1839 λ
574 1810 771 1847 κατέστησαν,
782 1810 831 1841 καὶ

116 1853 199 1884 αὐτὸν
217 1854 239 1883 οἱ
255 1852 353 1895 ἓχθξοὶ
377 1853 408 1884 ἐκ
427 1853 482 1893 μὲν
497 1855 551 1883 τῶν
574 1854 757 1895 μετεχόντων
781 1855 831 1887 τῆς

116 1896 271 1931 πολιτείας
289 1896 441 1937 ἐξήλειφον,
457 1896 496 1930 εἷς
512 1896 540 1926 δὲ
556 1896 603 1926 τὸν
619 1899 701 1937 μετὰ
712 1898 831 1927 Πεισάν-

118 1941 176 1982 δρου
189 1940 348 1979 κατάλογον
360 1940 521 1980 ἀνέγραφον,
543 1939 637 1975 δεδιὼς
653 1942 693 1970 τὰ
707 1940 832 1982 παρόντα

116 1983 295 2024 πράγματα,
309 1985 358 2014 τὴν
368 1983 422 2022 μὲν
437 1981 530 2012 οὐσίαν
545 1982 735 2014 ὑπέθηκεν-
747 1983 831 2018 αὐτὸς

117 2025 142 2056 δ’
158 2027 197 2060 εἷς
209 2025 288 2067 ἀγςόν
302 2025 393 2057 ἐλθὼν
404 2026 531 2067 διῃτᾶτο.

160 2073 176 2107 ss
194 2070 266 2109 Lys.
282 2070 358 2100 ibid.
373 2069 459 2100 Suid.
476 2069 506 2098 in
518 2068 661 2099 ’'Amo-75.

161 2113 178 2152 ᾗ
195 2113 345 2152 Xenoph.
358 2112 513 2143 Hellenic.
529 2113 630 2143 Laert.
645 2112 676 2142 in
693 2113 831 2143 Socrate.

119 2155 238 2185 Andoc.
254 2156 293 2184 de
305 2160 431 2194 myster.

164 2197 178 2238 ΙΙ
197 2198 350 2228 Plutarch.
366 2197 397 2227 in
413 2198 547 2237 Lysand.
565 2198 659 2228 Diod.
676 2198 739 2228 Sic.

163 2241 190 2276 ἹῘ
207 2242 280 2280 Lys.
297 2251 327 2270 c.
341 2241 467 2279 Agorat.

162 2284 203 2303 *³*
218 2285 294 2323 Lys.
310 2293 338 2314 c.
355 2284 481 2322 Agorat.
497 2286 528 2312 et
542 2294 570 2312 c.
585 2283 765 2315 Nicomach-

164 2328 194 2359 Ἠ
211 2327 279 2365 Lys.
298 2337 325 2356 c.
345 2326 524 2357 Nicomach.

163 2372 195 2406 1ss
212 2370 369 2400 Plutarch.
381 2369 412 2399 iu
429 2380 459 2400 v.
472 2368 621 2409 Lycurgi.

161 2412 194 2452 §§
211 2413 417 2443 Plutarch.·in
435 2423 464 2441 v.
482 2412 608 2450 Antiph.
626 2412 704 2442 alius
720 2414 758 2443 ab
770 2413 831 2442 An-

118 2455 257 2495 tiphonte
272 2457 414 2491 Oratore,
439 2455 492 2494 qui
512 2465 528 2484 a
546 2455 659 2494 populo
675 2456 832 2494 plecteba-

118 2504 170 2529 tur
184 2503 311 2538 propter
323 2499 562 2538 conjurationem
579 2500 633 2529 τῶν
646 2499 714 2528 cl).
743 2499 832 2529 Unde

121 2552 207 2571 error
224 2541 428 2582 Scriptorum,
452 2542 505 2581 qui
527 2551 574 2576 ea,
598 2551 666 2580 quae
694 2543 732 2572 ad
754 2543 832 2572 duos

119 2584 283 2623 pertinent,
299 2585 337 2615 ad
354 2595 444 2614 unum
461 2585 606 2615 referunt.

164 2626 195 2668 ΙΗΙ
211 2628 447 2657 Circumventus
465 2627 518 2657 ille
537 2638 554 2657 a
578 2626 676 2657 Critia
693 2627 832 2667 Collega,

121 2674 152 2700 et
168 2670 260 2701 morti
279 2671 380 2700 datus.
425 2671 533 2700 Totam
557 2680 620 2700 rem
640 2670 708 2701 fuse
732 2675 833 2701 narrat

122 2712 269 2752 Xenoph.
288 2713 443 2743 Hellenic.
458 2716 488 2743 2.

164 2755 218 2792 ‘HI
237 2757 303 2790 Τοῖς
325 2756 523 2789 ἀνοσιωτάτοις
536 2755 698 2796 τςιάκοντα,
715 2754 742 2785 οἳ
763 2755 834 2786 ἰδίων

120 2796 232 2838 κέςδεων
247 2798 325 2828 ἕνεκα
347 2797 441 2836 ὀλίγου
457 2799 509 2828 δεῖν
523 2798 633 2832 πλείους
647 2799 836 2830 ἀπεκτόνασιν

120 2838 273 2872 Ἀθηναίων
287 2840 313 2871 ἓν
334 2840 408 2872 ὀκτὼ
424 2842 523 2882 μησὶν,
542 2840 556 2872 ἢ
575 2842 680 2877 πάντες
696 2848 834 2873 Πελοπον-

120 2882 203 2913 νήσιοι
231 2883 300 2913 δέκα
337 2884 386 2916 ’ἐτη
418 2885 627 2923 πολεμοῦντες.
686 2885 834 2925 Xenoph.

125 2925 282 2956 Hellenic.
311 2927 333 2956 l.
363 2930 393 2958 2.
437 2927 472 2958 οἳ
496 2926 525 2958 δὲ
549 2926 577 2957 ἐν
603 2926 736 2963 Ἀθήναις
758 2928 836 2958 δυνα-

125 2967 268 3002 στεύοντες
282 2969 432 3009 τςιίικοντα
447 2970 571 3011 'sugemus
586 2969 658 3001 καθ’
671 2970 775 3012 ἡμέραν
789 2971 838 3003 οὐκ

864 1680 1025 1711 ἐπαύσαντο
1055 1684 1119 1716 τοὺς
1140 1682 1196 1721 μὲν
1221 1683 1432 1722 φυγαδεύοντες,
1454 1684 1520 1718 τοὺς
1549 1684 1578 1716 δὲ

864 1725 1040 1765 ἀναιροῦντες.
1085 1726 1178 1755 Diod.
1196 1726 1257 1756 Sic.
1275 1726 1296 1755 l.
1312 1729 1364 1756 14.
1409 1727 1580 1758 Interfece-

864 1773 935 1798 runt
945 1768 1023 1798 MD.
1036 1768 1309 1806 juxtaAEschinem
1322 1770 1352 1799 in
1368 1770 1578 1809 superioribus

865 1811 1030 1846 laudatum,
1054 1813 1185 1841 eundem
1201 1822 1228 1841 c.
1245 1812 1384 1851 Ctesiph.
1401 1819 1431 1843 et
1449 1814 1579 1845 Isocrat-

864 1855 1017 1892 Areopag.
1030 1854 1081 1883 ubi
1098 1855 1137 1884 de
1152 1855 1208 1884 hac
1223 1865 1256 1885 re
1273 1855 1362 1894 plura
1374 1861 1406 1885 et
1421 1857 1578 1888 distincta.

909 1897 971 1915 *³⁸²*
983 1897 1193 1937 Thrasybulus
1204 1898 1279 1937 Lyci
1293 1898 1333 1928 fil.
1343 1897 1390 1928 τὸν
1405 1899 1490 1940 δῆμον
1499 1906 1581 1930 Στει-

864 1938 932 1980 ςιεῦς
952 1940 1053 1982 (Male
1072 1951 1090 1970 a
1112 1942 1266 1971 nonnullis
1288 1941 1301 1971 ὅ
1318 1942 1429 1983 Τυριεὺς
1449 1941 1581 1984 ὀνομαζό·

863 1982 972 2023 μενος).
1002 1985 1051 2013 De
1076 1994 1112 2013 eo
1140 1985 1248 2022 Nepos
1275 1984 1306 2014 in
1326 1985 1402 2021 vita,
1428 1987 1580 2027 Xenoph.

864 2026 1004 2065 Thucyd.
1021 2026 1153 2059 Diodor.
1176 2028 1288 2067 aliique
1303 2029 1529 2068 quamplurimi.

909 2072 954 2102 †††
967 2071 1016 2099 Ita
1025 2070 1144 2109 Nepos.
1156 2071 1254 2101 Aliter
1264 2071 1377 2102 Justin.
1389 2076 1420 2102 et
1436 2072 1581 2106 Orosius.

867 2111 930 2142 Hic
945 2113 991 2143 II.
1008 2115 1060 2143 17.
1082 2116 1103 2131 “
1119 2114 1193 2144 Erat
1209 2114 1290 2144 iuter
1305 2115 1429 2145 exsules
1444 2116 1580 2157 Thrasy-

865 2156 970 2192 bulus,
998 2156 1045 2186 vir
1066 2160 1208 2187 strenuus
1233 2162 1263 2187 et
1283 2159 1400 2198 generis
1430 2159 1581 2190 nobilitate

865 2198 945 2228 inter
961 2209 1031 2228 suos
1048 2199 1160 2236 clarus,
1185 2199 1237 2239 qui
1253 2206 1359 2231 auctor
1374 2202 1507 2231 audendi
1523 2213 1581 2242 pro

864 2242 965 2280 patria
979 2242 1047 2272 fuit.
1083 2243 1192 2282 Itaque
1207 2243 1367 2274 castellum
1379 2245 1509 2284 Phylem
1525 2247 1581 2276 At-

865 2286 994 2314 ticorum
1016 2285 1118 2316 finium
1141 2286 1265 2316 collecti
1281 2287 1418 2317 Exsules
1441 2288 1583 2328 capiunt,

865 2328 1090 2367 multarumque
1109 2328 1268 2359 civitatum
1283 2329 1395 2369 opibus
1417 2332 1514 2371 adjuti
1531 2333 1580 2362 vi-

866 2381 916 2400 res
932 2375 1116 2410 capessunt:
1134 2372 1246 2411 quibus
1261 2373 1371 2411 Lysias
1386 2385 1508 2414 quoque
1525 2376 1583 2414 Sy-

865 2423 1031 2443 racusanus
1042 2415 1164 2451 Orator,
1177 2415 1262 2454 quasi
1277 2415 1307 2445 in
1320 2417 1472 2448 auxilium
1484 2419 1582 2454 urbis,

865 2467 932 2496 quae
959 2462 1041 2486 esset
1063 2458 1162 2497 patria
1186 2460 1356 2489 communis
1377 2460 1582 2499 Eloquentiae,

867 2501 907 2530 D.
924 2500 1037 2530 milites
1051 2511 1121 2530 cum
1136 2502 1297 2542 stipendiis
1313 2502 1378 2532 suis
1392 2502 1509 2534 misit..''

909 2546 958 2579 ssssss
972 2544 1052 2583 Nep.
1067 2544 1097 2572 in
1106 2544 1308 2584 Thrasybulo.
1319 2546 1383 2576 Alii
1400 2547 1507 2577 LXX.
1518 2546 1581 2587 ‘Og—

865 2584 972 2624 μηθεὶς
995 2585 1027 2616 ἐκ.
1042 2585 1137 2617 Θηέῶν
1151 2588 1187 2622 ὡς
1200 2589 1250 2618 σὺν
1267 2585 1467 2627 ἑέδομῆκοντα.
1512 2590 1581 2620 Xe-

867 2628 958 2666 noph.
975 2629 996 2658 l.
1013 2631 1042 2658 2.
1077 2630 1234 2660 Hellenic.
1257 2632 1307 2660 cui
1324 2633 1490 2662 concordat
1506 2633 1581 2662 Plu-

867 2672 961 2701 tarch.
981 2672 1019 2701 de
1036 2672 1135 2712 gloria
1149 2673 1393 2711 Atheniensium,
1409 2675 1477 2705 init.
1510 2676 1583 2709 Τοὺς

867 2712 924 2744 ἀπὸ
938 2716 1028 2748 Φυλῆς
1049 2714 1306 2756 ἑβδομήκοντα
1327 2720 1407 2748 κατὰ
1422 2719 1473 2751 τῗίς
1486 2724 1582 2759 Evag-

867 2759 973 2788 τιατῶν
988 2756 1133 2798 ἦγεμονίας
1147 2759 1360 2800 ἀνισταμένους.

911 2799 961 2839 §§§
977 2801 1026 2830 Ita
1037 2802 1149 2832 Justin.
1167 2806 1197 2832 et
1212 2803 1350 2832 orosius.
1368 2812 1461 2842 snpra
1475 2813 1506 2842 p.
1526 2805 1581 2836 33.

868 2842 1121 2874 consultissimus
1144 2845 1261 2875 interea
1281 2846 1407 2880 Auctor,
1433 2846 1484 2885 qui
1508 2846 1584 2877 Plu-

868 2886 967 2915 tarchi
983 2887 1105 2917 nomine
1119 2888 1321 2922 emendicato,
1332 2898 1371 2916 ex
1382 2887 1486 2919 Photii
1502 2900 1583 2928 penu

869 2929 970 2967 Lysiae
997 2929 1090 2959 vitam
1117 2929 1369 2966 conscribillavit,
1393 2941 1456 2961 rem
1483 2933 1583 2972 magis

871 2971 1026 3011 signanter
1041 2976 1160 3003 narrat:
1193 2973 1245 3003 Ait
1267 2973 1348 3004 enim
1369 2974 1529 3013 pecuniam
1544 2976 1583 3006 ad
