1819 3219
343 174 428 216 AD
461 172 556 214 ΟΒ.
592 171 640 212 C.
672 169 972 211 ANDOCID.
1004 169 1336 212 PRAEFATIO.
1483 168 1566 213 253

113 283 211 321 rium
230 280 375 319 Tribus
395 279 603 328 AEgeidos:
633 277 852 327 meritoque
881 275 1094 315 Palmerius
1124 277 1267 314 Exere.
1296 277 1335 313 in
1366 277 1415 313 A.
1435 276 1511 314 Gr.
1530 287 1575 326 p.

113 348 203 383 658.
223 340 395 387 miratur,
416 345 440 362 “
457 340 611 392 Lysiam
633 339 709 377 hoc
728 339 818 377 loco
849 351 925 377 non
945 338 1141 376 nutavisse
1163 337 1329 375 hominis
1349 337 1574 383 vanitatem,

113 404 146 443 si
163 417 209 442 ea
228 408 358 442 statua
378 416 456 441 non
476 402 552 440 fuit
572 400 763 450 majorum
784 413 942 438 suorum
961 400 1179 446 donarium,
1200 405 1243 436 ut
1263 399 1399 436 volunt
1420 398 1574 436 AEschi-

114 478 181 504 nes
211 470 249 503 et
280 462 548 514 Plutarchus‚''
576 463 718 512 aliique
748 475 846 513 quos
889 475 1005 512 supra
1034 461 1165 500 citavi.
1222 464 1246 481 ‘⁴
1265 459 1419 507 Fortc‚''
1450 459 1576 503 addit,
1618 472 1625 479 ‘

113 525 186 564 “-id
202 526 421 577 ignorabat,
435 531 474 563 et
491 523 728 574 sequebatur
744 537 986 572 communem
1003 524 1207 562 errorem.’'
1234 522 1431 572 Tempore
1446 526 1575 558 autem

115 587 241 639 Lysiae
263 586 477 626 communis
504 586 576 624 iste
598 599 705 623 error
724 598 792 624 seu
812 586 980 635 vulgaris
1001 584 1133 635 opinio
1155 583 1331 622 nondum
1350 582 1577 628 invaluerat,

115 662 204 688 cum
232 649 394 688 Hermes
416 647 635 686 Andocidis
654 647 705 685 ab
724 647 810 698 ipso
830 647 986 686 demum
1007 648 1173 685 Oratore
1198 646 1338 683 famam
1358 656 1578 693 nomenque

115 711 154 749 in
175 711 336 748 historia
352 710 549 760 acceperit
564 723 573 753 3
606 709 804 759 quoniam,
823 709 976 747 caeteris
993 709 1146 747 Hermis
1163 707 1366 752 truncatis,
1381 706 1485 744 solus
1501 705 1580 750 ille,

117 773 185 823 qui
203 786 326 823 prope
342 772 505 822 januam
532 771 750 809 Andocidis
780 778 877 817 erat,
903 772 1054 820 integer
1081 776 1287 809 manserat.
1345 767 1423 806 Sed
1444 772 1583 817 postea

116 835 285 881 demum,
319 841 407 871 cum
440 832 629 871 rationem
660 832 934 883 appellationis
967 832 1072 869 haud
1101 832 1197 870 satis
1224 829 1493 882 perspicerent
1520 827 1583 865 vel

116 895 339 946 ignorarent
364 895 553 941 homines,
582 899 754 946 πατρῷον
777 893 976 931 Andocidi
1006 894 1124 933 fuisse
1153 894 1417 933 crediderunt.
1475 893 1584 929 Inter

117 968 198 1003 eos,
220 955 287 1006 qui
306 955 441 995 falsam
462 956 686 1006 opinionem
716 955 995 1005 sequebantur,
1017 955 1137 993 Duris
1158 955 1245 1002 suit,
1264 955 1392 1005 patria
1411 953 1583 998 Samius,

119 1024 226 1057 secta
246 1018 544 1069 Peripateticus,
571 1023 670 1057 teste
700 1016 1012 1067 Harpocratione
1030 1029 1068 1053 v.
1087 1016 1306 1055 Ἀνδοκίδου
1322 1017 1478 1067 Ἑρμῆς.
1533 1016 1585 1053 Et

121 1081 209 1119 haec
227 1080 389 1131 quidem
419 1093 480 1119 res
510 1080 668 1130 scriptae
694 1078 895 1118 Orationis
924 1082 1081 1116 aetatem
1109 1090 1187 1116 non
1217 1079 1382 1116 obscure
1410 1077 1586 1115 indicare

119 1142 289 1191 videtur,
325 1155 411 1181 eam
439 1155 594 1193 nempe,
625 1153 715 1192 qua,
743 1140 793 1179 ad
823 1140 1041 1190 exemplum
1071 1139 1263 1178 Demetrii
1292 1139 1485 1185 Phalerei,
1515 1151 1586 1189 pro

121 1204 222 1244 veris
241 1204 282 1242 in
300 1203 388 1242 foro
408 1203 549 1249 causis,
573 1202 684 1240 fictas
704 1202 743 1240 in
769 1201 915 1240 scholis
935 1214 1067 1251 agere,
1088 1207 1207 1250 atque
1226 1201 1266 1238 in
1291 1199 1429 1238 umbra
1454 1200 1586 1239 decla-

121 1279 225 1304 mare
251 1269 468 1316 coeperunt.
526 1263 604 1302 Sed
635 1264 730 1302 alios
760 1275 878 1314 porro
907 1262 1090 1301 Rhetoris
1120 1274 1271 1300 errores
1302 1274 1588 1300 recenseamus.

121 1329 215 1380 Pag.
236 1332 329 1367 105.
353 1341 389 1367 ν.
408 1332 475 1366 13.
494 1331 627 1364 narrat
645 1324 909 1371 Andocidem,
928 1337 1049 1374 quum
1069 1329 1173 1362 esset
1191 1328 1398 1362 accusatus
1418 1323 1469 1360 de
1488 1323 1588 1360 Her-

122 1391 195 1429 mis
211 1390 375 1437 violatis,
396 1389 503 1427 litem
523 1387 736 1426 aestimasse
756 1387 941 1432 vinculis,
962 1399 1049 1424 cum
1073 1385 1266 1436 potuisset
1294 1385 1463 1436 pecunia
1491 1383 1592 1422 aesti-

123 1466 242 1501 mare,
261 1458 301 1491 et
320 1451 488 1490 noluisse
508 1463 659 1489 servum
681 1449 883 1488 conscium
904 1448 1075 1494 tradere,
1107 1448 1176 1486 sed
1195 1460 1352 1486 curasse
1371 1453 1416 1485 ut
1435 1459 1593 1485 necare-

123 1520 207 1554 tur:
240 1526 329 1565 quae
358 1513 515 1551 videtur
542 1511 783 1550 enucleatius
812 1510 966 1549 tradere
996 1509 1410 1548 Pseudo-Plutarchus
1440 1509 1479 1547 in
1507 1507 1589 1547 Vit.

124 1574 323 1612 Andocid.
344 1580 388 1611 ut
408 1573 538 1611 monui
557 1573 656 1623 Cap.
673 1572 862 1621 3.—-Pag.
884 1575 976 1611 107.
991 1585 1027 1608 v.
1048 1575 1113 1612 17.
1128 1583 1241 1621 seqq.
1259 1570 1404 1609 dicitur
1422 1568 1593 1608 Andoci«

124 1635 194 1674 des
212 1647 410 1686 nunquam
429 1635 626 1680 militasse,
643 1633 711 1684 qui
731 1633 845 1672 classi
865 1631 1068 1683 praefuerit
1085 1645 1173 1670 cum
1193 1630 1370 1681 imperio.
1428 1629 1533 1668 Ibid.
1552 1643 1589 1669 v.

126 1700 191 1736 39.
213 1710 237 1735 a
265 1696 533 1735 sacerdotibus
562 1695 729 1734 devotus
758 1694 876 1733 fuisse
906 1694 1132 1744 perhibetur
1160 1692 1402 1740 Andocides,
1433 1692 1482 1730 de
1512 1706 1592 1741 quo

127 1759 208 1797 dixi
228 1759 328 1810 Cap.
348 1762 388 1796 4.
425 1758 526 1795 Haec
545 1758 674 1796 omnia
694 1757 747 1795 ita
767 1762 805 1794 et
823 1756 1051 1806 perturbata
1072 1761 1162 1794 sunt
1181 1761 1221 1793 et
1239 1755 1351 1799 falsa,
1372 1760 1415 1793 ut
1433 1767 1456 1792 a
1477 1754 1594 1805 Lysia

126 1821 292 1872 proferri
327 1821 367 1858 in
397 1820 552 1870 judicio
591 1832 668 1858 non
702 1819 914 1870 potuerint.
972 1818 1114 1867 Neque
1143 1831 1234 1856 vero
1263 1830 1412 1856 errores
1440 1821 1592 1854 tantum

128 1883 213 1921 haec
229 1882 368 1922 Oratio
388 1882 672 1932 complectitur,
692 1894 859 1932 quorum
880 1894 999 1919 unum
1015 1880 1077 1918 vel
1096 1880 1257 1918 alterum
1279 1880 1446 1918 fortasse
1463 1879 1592 1929 Lysiae

130 1945 217 1996 quis
238 1944 459 1983 condonare
488 1943 627 1995 possit,
649 1943 717 1981 sed
739 1943 839 1981 adeo
861 1944 919 1980 sui
939 1942 1083 1980 oblitus
1103 1947 1177 1988 est,
1198 1942 1265 1992 qui
1293 1941 1398 1979 illam
1419 1941 1594 1979 conscri—

130 2007 223 2057 psit,
243 2013 286 2045 ut
307 2006 378 2044 sibi
399 2006 481 2056 ipse
510 2004 702 2043 interdum
724 2005 1014 2053 obloqueretur,
1043 2004 1173 2054 prouti
1200 2016 1240 2054 p.
1268 2008 1361 2042 105.
1382 2016 1418 2042 v.
1439 2006 1504 2041 18.
1534 2004 1594 2040 καὶ

129 2068 288 2118 ἐμήνυσε
307 2067 500 2119 δεδεμένος
520 2069 614 2104 κατά
632 2073 704 2105 τῶν
721 2067 831 2104 αὑτοῦ
850 2072 1045 2115 συγγενῶν
1061 2067 1121 2102 καὶ
1134 2069 1269 2117 φίλων,
1286 2065 1415 2108 α’ὂείας
1430 2064 1596 2111 δοθείσης

131 2130 244 2179 αὐτῷ,
265 2130 295 2165 εἰ
321 2128 431 2174 δόξειε
460 2127 605 2175 τάληθῆ
632 2133 809 2179 μηνῦσαι.
838 2129 898 2166 καὶ
923 2132 1008 2166 τίνα
1036 2128 1147 2166 αὑτὸν
1167 2127 1300 2166 δοκεῖτε
1330 2128 1459 2181 ψυχὴν
1477 2126 1595 2178 ἔχειν,

135 2192 244 2229 ὁπότε
264 2194 309 2228 τά
329 2190 399 2241 μὲν
417 2190 566 2242 ἐ’σχατα
585 2193 644 2229 καὶ
662 2194 709 2229 τοὶ
730 2192 912 2243 α’ίσχιστα
932 2191 1062 2236 ἐποίει,
1084 2193 1235 2241 μηνύων
1255 2193 1350 2228 κατὰ
1371 2196 1444 2227 τῶν
1463 2189 1595 2227 ἑαυτοῦ

133 2257 266 2305 φίλων,
300 2255 321 2297 ἡ
356 2252 392 2290 δὲ
427 2256 585 2303 σωτηρία
616 2256 763 2305 εἰφανὴς
794 2255 893 2304 αὐτῷ
904 2267 914 2298 ;
945 2256 1042 2304 μετά
1075 2252 1112 2290 δὲ
1140 2250 1425 2298 ταῦτα-’ἔδοξε
1453 2253 1597 2298 τοίληθῆ

133 2319 314 2365 μηνῦσαι,
336 2315 396 2350 καὶ
423 2314 547 2360 ἐλύθη.
606 2314 747 2353 Nonne
777 2314 893 2364 igitur
921 2315 974 2352 illi
1001 2327 1091 2365 spes
1113 2314 1247 2351 salutis
1269 2318 1366 2360 erat,
1387 2312 1450 2351 cui
1470 2324 1596 2364 poenae

132 2375 354 2414 immunitas
374 2382 456 2414 erat
475 2376 682 2426 promissa,
713 2375 744 2414 si
761 2376 853 2414 alios
867 2375 1091 2422 indicasset,
1108 2381 1146 2413 et
1162 2375 1228 2425 qui
1245 2387 1380 2413 revera
1395 2375 1470 2413 hoc
1487 2374 1596 2412 facto

135 2450 290 2488 poenam
306 2436 468 2486 effugit?
500 2437 548 2475 de
563 2450 639 2488 qua
653 2451 693 2475 re
710 2437 878 2476 conferri
892 2444 1069 2488 possunt,
1086 2450 1176 2488 quae
1193 2436 1274 2475 dixi
1291 2438 1390 2488 Cap.
1405 2442 1444 2476 3.
1474 2435 1596 2474 Aliud

134 2499 354 2550 exemplum
373 2498 515 2536 addam
535 2513 574 2549 p.
592 2503 684 2537 105.
705 2500 742 2537 in
764 2498 831 2537 fin.
860 2500 900 2537 τὸ
921 2499 957 2536 δὲ
983 2502 1194 2537 τελευταῖον
1215 2504 1283 2538 νῦν
1301 2500 1524 2551 ἀφικόμενος
1545 2500 1598 2539 εἷς

134 2565 202 2607 τὴν
220 2563 347 2607 πόλιν,
369 2561 423 2604 δὶς
450 2561 490 2599 ἐν
511 2564 559 2613 τῷ
587 2563 685 2613 αὐτῷ
713 2562 884 2613 (ἐνιαυτῷ
914 2574 992 2599 non
1022 2562 1121 2600 male
1150 2561 1286 2599 inserit
1315 2561 1475 2608 Reiske)
1494 2559 1597 2598 ἐνδέ-

134 2622 279 2661 δεικται.
311 2624 370 2659 καὶ
388 2621 427 2659 τὸ
446 2621 515 2673 μὲν
531 2629 640 2672 σῶμα
659 2624 718 2660 ciel
735 2622 776 2660 ἐν
795 2621 945 2673 δεσμοῖς
965 2623 1059 2673 ἔχει,
1074 2624 1097 2668 ἡ
1117 2622 1153 2661 δὲ
1168 2625 1280 2661 οὐσία
1301 2624 1416 2661 αὑτοῦ
1433 2621 1598 2659 ἐλάττων

136 2683 174 2720 ἐκ
202 2691 275 2722 τῶν
294 2683 471 2722 κινδύνων
490 2688 652 2732 γίνεται.
681 2685 740 2721 καὶ
759 2686 881 2732 (recte
903 2684 1159 2723 Marklandus
1179 2685 1316 2733 καίτοι)
1336 2683 1428 2722 ὅταν
1447 2698 1504 2724 τις
1531 2681 1598 2719 τὸν

137 2745 249 2782 αὑτοῦ
266 2744 355 2792 βίον
372 2751 450 2789 τοῖς
477 2746 627 2798 ἐχθροῖς
657 2749 716 2784 καὶ
745 2752 821 2789 τοῖς
851 2747 1099 2799 συκοφάνταις
1129 2748 1307 2798 διανέμει,
1337 2748 1430 2785 τοῦτ’
1451 2745 1528 2782 ἐστὶ
1556 2741 1597 2781 τὸ

138 2804 283 2855 [βιοῦν]
300 2807 364 2845 τὸν
382 2807 470 2854 βίον
491 2807 669 2855 ἀβίωτον.
727 2808 877 2846 Contra
895 2822 986 2847 vero
1015 2823 1054 2860 p.
1078 2813 1166 2847 103.
1187 2823 1224 2847 v.
1246 2813 1311 2847 28.
1332 2821 1370 2858 p.
1393 2809 1484 2844 104.
1501 2818 1537 2842 v.
1557 2807 1597 2842 4.

141 2878 251 2916 seqq.
271 2879 310 2917 p.
325 2872 416 2907 106.
431 2883 466 2907 ν.
484 2873 522 2909 7.
539 2883 650 2921 seqq.
673 2870 770 2908 dicit
785 2870 1033 2909 Andocidem
1048 2872 1128 2923 jam
1146 2871 1295 2922 pollere
1311 2869 1350 2907 in
1369 2866 1598 2919 Republica,

140 2926 179 2965 in
199 2934 374 2967 senatum
393 2930 533 2977 venire,
547 2931 642 2969 alios
664 2932 850 2970 honorem
873 2938 1049 2983 petentes
1069 2946 1137 2970 suo
1160 2930 1343 2981 suffragio
1362 2929 1595 2980 improbare,
