1819 3219
539 205 796 246 LEC'sloN
807 206 873 246 Es
909 207 1192 249 LYSIACAE.
1513 212 1587 253 121

139 322 252 356 nepos.
300 310 367 354 (3.)
392 311 500 352 Quod
539 316 660 346 autem
695 316 770 346 erat
809 313 987 353 ultimum,
1023 313 1065 346 P..
1093 314 1330 357 Peloponnes
1361 326 1456 349 anno
1488 319 1590 351 lOmo

139 367 260 397 noster
278 365 415 398 Phaeax
432 376 516 400 cum
534 367 677 400 duobus
692 368 849 409 Collegis
863 368 993 400 missus
1007 371 1082 401 erat
1095 369 1139 401 ab
1154 368 1438 402 Atheniensibus
1452 371 1590 414 legatus

136 418 174 451 in
190 417 334 452 Italiam
352 421 461 464 atque
478 421 635 455 Siciliam
655 423 698 455 ad
717 422 980 455 confirmandos
1005 422 1179 456 sociorum
1206 422 1355 463 animos,
1372 427 1589 459 ceterorum-

137 483 219 516 que,
239 474 267 507 si
285 475 358 509 fieri
375 476 507 519 potuit,
531 477 721 510 irritandos
740 477 821 510 adv.
842 477 1063 520 Syracusios,
1085 487 1240 521 quorum
1258 478 1454 521 potentiani
1475 479 1589 512 Athe-

135 526 277 562 nienses
292 530 519 564 imminutam
536 531 732 575 cupiebant
750 532 918 566 maxime.
970 532 1040 566 Cui
1054 532 1200 576 quidem
1215 532 1394 575 legatione
1408 532 1528 576 aliqua
1544 545 1589 567 ex

135 585 237 624 parte
262 584 444 618 satisfecit.
495 585 588 619 Haec
605 585 705 619 dabit
720 585 954 629 Thucydides
970 585 1017 620 V.
1034 588 1070 619 4.
1114 586 1151 619 Si
1169 586 1229 619 cui
1248 586 1325 619 haec
1343 597 1470 630 parum
1488 586 1590 620 satis-

135 637 280 682 faciant,
299 651 412 674 unum
428 642 495 675 hoc
514 642 645 675 addam
662 642 763 675 nulla
779 642 814 675 vi
831 641 1097 683 infirmandum,
1116 641 1212 685 quod
1230 641 1474 684 suppeditabit
1490 642 1591 675 locus

136 693 245 736 hujus
279 694 463 730 Orationis
500 707 582 729 cum
617 696 802 730 Plutarchi
840 697 909 729 alio
939 697 974 729 iu
1006 697 1078 729 vita
1110 694 1310 729 Alcibiadis
1338 695 1589 729 conterendus

136 747 298 795 Uterque
323 754 443 784 tamen
471 754 578 784 antea
600 762 622 784 a
645 762 701 784 me
728 752 921 784 sanandus.
973 752 1095 785 Locus
1126 750 1285 784 Phaeacis
1312 749 1446 794 (sinito,
1476 753 1518 783 ut
1541 750 1592 783 ita

135 803 281 836 tandem
300 807 482 838 auctorem
498 807 661 838 nostrum
673 805 905 849 compellem)
921 809 1041 839 exstat
1060 805 1157 840 Edit.
1176 805 1226 838 H.
1242 804 1365 848 Steph.
1380 815 1414 849 p.
1434 807 1490 839 33.
1509 804 1588 838 init.

127 857 335 900 ’Ἰνα--τήν
355 861 459 893 πόλιν
475 861 560 900 ὅλην
577 861 723 904 ὑβρίζων
740 860 894 896 ἐπιδόξειε
922 856 1165 905 [Alcibiades]
1184 862 1226 893 τὰ
1245 863 1394 904 πομπεῖα
1412 862 1506 903 παρὰ
1523 864 1590 893 τῶν

106 914 109 917 ’
133 913 347 958 ἀρχιθεωρῶν
364 915 598 959 αἰτησάμενος,
616 916 659 955 ὡς
676 916 721 954 εἰς
738 917 780 948 τὰ
800 915 937 947 πινάκια
966 918 1011 958 τῇ
1036 915 1216 960 προτέρᾳ
1241 918 1315 955 τῆς
1340 916 1484 954 οὐσίας
1509 929 1592 958 χρη-

134 969 287 1012 σόμενος,
304 970 506 1011 ἐξηπάτησε,
525 972 577 1003 καὶ
597 971 784 1003 ἀποδοῦναι
800 971 859 1002 οὐκ
876 971 985 1010 ἤθελε,
1004 971 1223 1014 βουλόμενος,
1243 974 1285 1015 τῇ
1301 972 1455 1015 ὑστεραίᾳ
1472 973 1591 1015 πρότε-

132 1034 189 1066 ρος
213 1027 275 1065 τῆς
299 1026 429 1064 πόλεως
445 1026 639 1068 χρησασθαι
657 1029 726 1064 τοῖς
753 1028 891 1068 χρυσοῖς
909 1025 1091 1067 χερνιβίοις
1109 1027 1162 1057 καὶ
1179 1028 1419 1070 θυμιατηρίοις.
1445 1026 1515 1059 ὅσοι
1530 1029 1592 1070 μὲν
1606 1029 1673 1058 696

132 1075 194 1112 οὖν
213 1083 280 1112 τῶν
297 1080 402 1117 ξένων
417 1083 464 1124 μὴ
482 1082 664 1124 ἐγίνωσκον
683 1080 827 1124 ἡμέτερα
852 1081 948 1121 ὄντα,
975 1082 1041 1120 τὴν
1059 1082 1203 1123 πομπὴν
1221 1083 1286 1120 τήν
1310 1083 1429 1122 κοινὴν
1451 1083 1592 1125 ὁρῶντες

133 1133 277 1177 ὑστέραν
294 1131 400 1167 οὖσαν
419 1137 480 1175 τῆς
494 1135 720 1176 Ἀλκιβιάδου,
739 1138 809 1174 τοῖς
827 1135 947 1167 τούτου
965 1136 1144 1178 πομπείοις
1160 1136 1306 1177 χρῆσθαι
1321 1137 1474 1179 ἐνόμιζον
1489 1137 1591 1180 ἡμᾶς.

131 1187 529 1227 TentabatPaimei-ius
555 1193 602 1233 τῇ
627 1191 765 1233 ’πρώτῃ
790 1191 855 1222 καὶ
881 1193 929 1233 τῇ
953 1189 1141 1233 ἐπιούσῃ,
1161 1195 1197 1222 ut
1214 1189 1258 1221 sit
1273 1189 1386 1233 prima
1400 1197 1431 1224 et
1447 1192 1592 1224 secunda

129 1242 202 1276 dies
219 1243 482 1289 Mysten-iorum.
534 1243 637 1285 Nam,
655 1244 705 1277 ait
722 1244 792 1286 ille,
819 1245 840 1284 ἡ
865 1246 1003 1277 ἐπιοῦσα
1020 1251 1069 1277 esc
1093 1243 1191 1285 Dies,
1215 1255 1290 1289 quoe
1306 1243 1411 1277 aliam
1426 1245 1592 1290 sequitur,

129 1298 220 1332 unde
235 1298 338 1343 forte
365 1299 533 1333 secundus
561 1310 583 1331 a
605 1298 722 1343 primo
746 1298 1001 1344 [Hymet-iorum
1029 1300 1049 1339 ἡ
1077 1301 1215 1332 ἐπιοῦσα
1241 1297 1429 1341 dicebatur,
1456 1297 1516 1332 Sic
1532 1312 1593 1333 'nos

129 1352 274 1397 Gallice,
307 1355 359 1388 Le
388 1355 593 1387 lendcmain
625 1353 669 1386 de
699 1354 733 1387 la
763 1354 865 1388 feste.
917 1354 1058 1387 Verum
1090 1353 1224 1387 fallitur
1254 1352 1321 1386 Vir
1350 1354 1592 1388 doctissimum

130 1408 239 1450 Quod
257 1420 320 1443 uos
337 1409 517 1443 Postridie
534 1408 635 1443 Festi
655 1408 868 1449 diceremus,
886 1409 922 1442 id
937 1409 1058 1443 Graeci
1083 1409 1150 1442 hoc
1173 1408 1281 1442 modo
1296 1409 1460 1443 efferunt.
1510 1410 1597 1443 Plu-

132 1463 243 1497 tarch.
260 1464 304 1497 de
317 1464 450 1498 fortun.
465 1464 619 1498 Roman.
634 1464 721 1508 Ἐφη
735 1466 799 1508 γὰρ
818 1468 865 1505 τὴ
876 1479 896 1497 ν
919 1465 1040 1508 ἰιστέρ
1051 1478 1101 1498 αν
1117 1465 1222 1510 ἐρίσαι
1235 1467 1320 1508 πρὸς
1337 1467 1416 1505 τήν
1436 1466 1555 1509 ἑορτὴ
1566 1479 1598 1506 ν,

130 1519 311 1565 λέγουσαν,
341 1521 385 1560 ὡς
403 1522 512 1561 ἐκείνη
534 1521 595 1565 μέν
612 1522 681 1553 ἐστι
706 1521 883 1565 κομπώδης
909 1523 963 1554 καὶ
989 1522 1149 1564 ἄσχολος,
1174 1523 1209 1554 ἐν
1232 1523 1321 1565 αὐτῇ
1347 1521 1379 1554 δὲ
1407 1525 1475 1554 τῶν
1499 1535 1602 1566 παρε-

132 1576 365 1619 σκευασμένων
383 1576 596 1608 ἀπολαύουσι
623 1576 692 1619 μεθ’
710 1576 867 1618 ἡσυχίας.
918 1575 1034 1609 Μίτυν
1060 1576 1220 1609 maxime
1247 1576 1464 1609 Palmerium
1492 1577 1601 1609 latere

131 1630 288 1672 potuisse
315 1630 532 1663 medicinam
559 1633 633 1663 tam
661 1630 816 1671 facilem,
843 1632 916 1663 tam
944 1631 1168 1674 expeditam,
1198 1642 1272 1675 qua
1299 1631 1374 1664 sola
1400 1630 1468 1664 hoc
1495 1632 1601 1665 ulcus

130 1685 246 1717 sanari
264 1683 393 1728 potuit.
446 1685 672 1725 Quantillum
702 1685 853 1718 interest
878 1684 970 1717 inter
996 1687 1146 1724 Θυσίας
1172 1688 1208 1718 et
1237 1687 1406 1727 οὐσίας,
1438 1688 1599 1720 attamen

131 1741 286 1780 quantas
306 1739 428 1772 turbas
446 1739 503 1772 hic
523 1740 622 1772 dedit
640 1739 844 1783 pauxillula
869 1738 937 1772 ista
954 1740 1185 1773 diffc1·entia?-
1201 1743 1249 1785 Τῇ
1276 1740 1419 1784 προτέρᾳ
1445 1744 1508 1781 τῆς
1532 1743 1602 1774 θύ-

131 1793 236 1835 σίας,
264 1793 390 1827 Pridie
416 1794 526 1827 Festi.
576 1794 752 1835 Similem,
781 1794 854 1827 imo
880 1794 1099 1827 simillimam
1129 1794 1246 1827 labem
1265 1795 1348 1828 eluo
1365 1806 1410 1828 ex
1430 1795 1601 1838 Lycurgo

133 1845 230 1878 Edit.
252 1847 300 1879 H.
314 1847 438 1890 Steph.
452 1858 488 1891 p.
506 1848 586 1881 168.
614 1847 692 1880 ἀλλ’
707 1848 771 1891 ἥκῃ
787 1848 898 1891 ἱερῶν,
924 1848 1090 1889 θυσιῶν,
1118 1849 1258 1891 ἀγορᾶς,
1284 1850 1413 1892 νόμων,
1431 1851 1602 1889 πολιτείας

128 1902 283 1945 μεθέξων.
334 1902 434 1935 Male
464 1903 569 1936 hodie
598 1913 775 1935 excusum
805 1905 939 1935 οὐσιῶν.
990 1902 1127 1935 Verum
1157 1906 1198 1935 ut
1228 1903 1272 1936 ad
1303 1913 1463 1945 causam,
1490 1915 1599 1948 quani

130 1955 295 1999 proxime
311 1957 496 1998 accedam,
515 1958 613 1990 locus
631 1957 699 1999 ille,
719 1968 827 2001 quem
846 1957 1041 1990 memoravi
1061 1956 1167 1989 modo
1185 1960 1222 1990 et
1236 1958 1452 2000 expui-gavi,
1469 1959 1599 1992 coufir-

129 2016 248 2045 matur
266 2011 372 2045 scribi
389 2023 411 2046 a
429 2012 597 2053 Phaeace,
616 2015 652 2045 ct
669 2013 817 2056 quidem
835 2011 874 2045 in
900 2012 978 2055 ejus
996 2012 1157 2045 oratione
1176 2022 1207 2045 c.
1233 2011 1475 2045 Alcibiadem.
1528 2014 1601 2054 Qui

131 2066 372 2109 confirmabit,
396 2067 439 2109 is,
467 2071 507 2101 ut
529 2067 666 2109 monui,
693 2070 748 2101 est
777 2067 1004 2109 Plutarchus,
1032 2077 1157 2100 verum
1187 2077 1259 2100 non
1287 2067 1354 2100 nisi
1382 2067 1427 2100 ad
1455 2067 1601 2101 Codicis

130 2122 383 2155 emendatioris
411 2122 520 2155 fidem
549 2125 657 2166 atque
687 2122 940 2156 auctoritatem
970 2120 1070 2165 prius
1098 2121 1297 2155 restitutus.
1347 2121 1417 2155 Ille
1442 2122 1537 2155 enim
1564 2123 1599 2155 iu

131 2175 335 2217 Alcibiade,
353 2176 415 2208 ubi
433 2177 583 2210 dixisset
602 2176 793 2210 Phaeacem
818 2178 1028 2210 ἑντευκτικὸν
1044 2176 1165 2220 potius
1190 2176 1311 2218 fuisse,
1329 2187 1438 2220 quam
1464 2177 1601 2220 ἀγῶνας

129 2231 235 2276 φέρειν
252 2231 412 2272 δυνατὸν,
427 2230 615 2274 subjungit
632 2231 817 2271 continuo,
835 2232 972 2276 Φέρεται
989 2232 1027 2264 δὲ
1045 2234 1098 2264 καὶ
1114 2232 1215 2275 λόγος
1233 2245 1282 2271 τις
1298 2232 1369 2265 κατ’
1383 2232 1599 2274 Ἀλκιβιάδου

129 2288 195 2318 καὶ
222 2287 367 2325 Φαίακος
392 2286 629 2330 γεγραμμένος,
657 2288 693 2319 έν
719 2287 746 2329 ᾦ
771 2288 854 2330 μετὰ
881 2291 949 2320 τῶν
975 2288 1091 2319 ἄλλων
1118 2286 1318 2330 γέγραπται,
1345 2300 1374 2318 κ.
1390 2300 1421 2320 τ.
1441 2288 1474 2319 λ.
1501 2285 1598 2326 Quid

130 2343 253 2374 autem
282 2340 459 2373 istud'dk?
485 2340 665 2380 Quaenam
692 2345 756 2374 aut
780 2341 896 2385 qualis
922 2341 991 2373 ista
1017 2341 1214 2373 correctio?
1239 2340 1441 2374 Diceretne
1465 2352 1599 2385 quaeso,

130 2400 152 2414 ‘⁶
168 2397 388 2440 Quanquam
407 2396 544 2430 Plcoeaae
566 2396 603 2429 in
618 2395 707 2440 foro
724 2403 755 2430 et
779 2397 815 2430 in
833 2397 990 2430 concione
1016 2407 1137 2429 causas
1163 2396 1275 2430 minus
1290 2396 1500 2442 frequenter
1516 2397 1598 2443 egit,

132 2452 241 2485 nihilo
257 2453 375 2485 minus
391 2451 427 2484 in
443 2450 598 2485 manibus
611 2458 770 2485 versatur
786 2452 897 2485 oratio
915 2455 1042 2485 contra
1068 2451 1165 2485 hunc
1187 2453 1224 2484 ct
1240 2448 1474 2485 'Alcibiadem
1503 2452 1600 2485 habi-

132 2506 212 2541 ta?”
239 2506 418 2540 Ridicule.
471 2507 546 2540 Fac
563 2506 730 2539 restituas
747 2517 829 2540 cum
849 2507 940 2540 Cod.
954 2507 1041 2540 MS.
1057 2506 1205 2549 Aldino,
1225 2507 1361 2550 Φέρεται
1381 2507 1412 2540 δὲ
1431 2510 1485 2540 καὶ
1498 2509 1600 2551 λόγος

134 2576 183 2602 τις
199 2561 272 2595 κατ’
286 2562 500 2605 Ἀλκιβιάδου
525 2562 543 2594 ὑ
555 2564 606 2595 πὸ
634 2561 779 2600 Φαίακος
796 2562 1036 2606 γεγραμμένος.
1063 2561 1120 2594 Ibi
1137 2561 1221 2605 quid
1241 2561 1433 2595 scribitur?
1453 2563 1547 2596 Nam
1564 2563 1597 2595 in

136 2628 178 2650 eo
188 2616 373 2657 eram‚nisi
386 2617 541 2659 vulgatae
556 2617 723 2651 lectionis
736 2616 862 2649 vitium
877 2627 935 2649 me
946 2616 1216 2659 interpellasset.
1234 2616 1290 2649 Ibi
1304 2620 1388 2660 μετὰ
1402 2621 1470 2651 τῶν
1481 2619 1596 2649 ἄλλων

135 2671 322 2716 γέγραπται
344 2673 398 2704 καὶ
414 2671 465 2704 ὅτι
489 2674 552 2711 τῆς
570 2673 698 2711 πόλεως
715 2673 829 2705 πολλὰ
847 2674 998 2715 πομπεῖα
1016 2674 1124 2716 χρυσᾶ
1142 2674 1196 2705 καὶ
1223 2672 1353 2717 ἀργυρᾶ
1377 2674 1592 2716 κεκτημένης,

131 2726 349 2767 Ἀλκιβιάδης
365 2727 486 2770 ἐχρῆτο
511 2729 619 2759 πᾶσιν
635 2728 750 2766 αὐτοῖς
768 2728 875 2770 ὥςπερ
901 2727 993 2766 ἰδίοις
1021 2729 1106 2770 πρὸς
1131 2729 1197 2767 τὴν
1213 2727 1284 2760 καθ’
1303 2728 1431 2772 ἡμέραν
1448 2728 1591 2760 δίαιταν.

136 2781 208 2822 Tu,
223 2780 284 2824 qui
304 2780 390 2822 legis
406 2780 495 2823 haec,
515 2781 718 2814 memineris
736 2781 1020 2825 disputationem
1036 2780 1129 2813 hanc
1143 2790 1287 2814 omnem
1305 2792 1378 2814 non
1401 2780 1592 2824 indiligen-

137 2839 191 2868 ter
207 2835 401 2868 admodum
421 2845 441 2867 a
458 2845 514 2868 me
531 2845 607 2868 esse
623 2838 828 2878 tractatam,
843 2839 917 2879 aut,
933 2835 1031 2880 quod
1047 2833 1154 2868 multi
1170 2835 1320 2878 faciunt,
1334 2846 1392 2869 me
1410 2845 1595 2869 commen-

139 2893 216 2923 tum
243 2890 448 2933 procudisse
472 2890 762 2935 novantiquum3
787 2901 915 2925 verum
943 2892 1161 2928 constanter,
1185 2889 1248 2922 ubi
1272 2891 1416 2933 tempus
1441 2889 1486 2922 ad
1512 2900 1594 2924 eam

138 2955 210 2978 reni
240 2944 373 2986 tulerit,
405 2955 496 2977 mcae
529 2944 634 2978 famae
673 2945 833 2987 periculo
866 2946 957 2980 cites
989 2943 1310 2978 ORATIONEM
1350 2942 1592 2978 PHAEACIS

137 2998 352 3033 CONTRA
379 2999 732 3033 ALCIBIADEM.

852 3063 874 3087 R
