1819 3219
512 205 845 248 LECTIONES
882 205 1166 248 LYSIACAE.
1483 206 1559 248 123

120 317 162 349 τὸ.
178 315 276 348 οἰκεῖα
292 312 474 356 κατέφαγεν
491 313 628 357 ἔγγονα,
649 317 762 356 Χαῖρε,
789 311 896 355 εἶπεν,
921 316 975 346 ἐπὶ
992 317 1040 357 τῷ
1055 315 1187 358 σημείῳ,
1204 313 1255 345 ὅτι
1279 317 1427 346 πεινῶσα
1452 315 1493 346 τὰ
1517 316 1560 346 σὰ

116 372 154 403 οὐ
169 369 330 411 κατέφαγε
345 367 457 400 τέκνα.
507 367 646 401 Eadem
664 368 769 401 ret'ert
782 368 896 401 Clem.
917 369 1114 402 Alexandr.
1135 369 1263 400 Strom.
1277 369 1310 400 7.
1337 367 1562 401 Memoratur

114 423 208 456 inter
233 422 486 456 Onirocritieos
514 433 535 455 a
560 422 772 456 Tertullian.
802 424 847 456 de
876 423 1010 457 Anima
1027 434 1058 456 c.
1076 425 1134 456 46.
1172 424 1239 456 Καὶ
1263 423 1302 455 τὸ
1324 426 1495 466 μαντεῖον,
1521 420 1561 456 οὗ

115 478 319 522 προειστήκει
336 479 551 521 προφητεύων
567 478 745 521 Ἀντιφῶν,
765 480 782 511 ὁ
799 483 867 512 τῶν
892 480 1027 522 ὀνείρων
1048 480 1244 522 ὑποκριτὴς,
1270 478 1397 517 ταύτης
1420 479 1475 509 ἐπὶ
1501 480 1559 510 τοῦ

113 533 224 565 ὕπνου
240 532 358 576 λαχὼν
371 535 433 572 τῆς
446 537 555 577 τιμῆς.
583 532 736 566 Lueian.
751 532 799 565 V.
816 532 954 566 Histor.
966 536 1001 566 2.
1019 532 1210 576 Conjunge
1224 530 1519 565 Artemidoruml
1530 530 1559 564 Ι.

112 587 167 620 14.
186 586 431 629 Fulgentium,
443 587 715 631 Melampodem
732 590 807 631 περὶ
821 590 978 631 παλμῶν.
1005 587 1149 621 Laudat
1161 588 1288 620 Senee.
1303 586 1474 620 ContrOV.
1488 585 1508 618 l.
1524 587 1558 617 2.

114 641 138 657 “
155 640 253 674 Otho
268 641 399 674 Junius
411 661 456 666 —
470 641 579 675 edidit
599 645 756 686 quatuor
771 642 877 675 libros
896 643 1068 683 colorum,
1089 652 1177 686 quos
1195 641 1287 674 belle
1305 639 1423 673 Gallio
1440 642 1561 672 noster

112 694 342 739 Antiphontis
357 696 463 729 libros
480 697 645 730 vocabat.
695 697 854 730 Tantum
881 697 918 730 in
944 697 1012 731 illis
1039 696 1248 731 somniorum
1274 694 1364 729 est.'’
1414 694 1560 729 Laudat

111 749 198 784 item
217 749 296 785 Cic.
309 751 364 785 ΙΙ.
380 752 425 784 de
443 750 605 785 Divinat.
624 754 679 785 70.
710 753 733 769 “
750 752 847 793 Quid
862 754 874 786 ἲ
890 753 1050 796 ipsorum
1066 752 1308 795 Interpretum
1323 749 1557 793 conjecturae,

110 815 229 839 nonne
245 806 358 848 magis
374 806 518 849 ingenia
535 807 718 840 declarant
732 818 868 850 eorum,
885 818 993 852 quarn
1012 808 1083 841 vim
1098 815 1385 849 consensumque
1398 805 1561 837 naturae?

111 859 244 893 Cursor
260 861 304 894 ad
324 861 492 904 Olympia
517 861 691 904 proficisci
709 862 871 905 cogitans
890 863 985 896 visus
1002 863 1107 896 estin
1134 860 1267 895 somnis
1289 871 1394 894 curru
1414 858 1561 903 quadri-

109 923 234 957 garum
252 914 345 948 vehi.
395 915 507 947 Mane
534 915 578 948 ad
597 916 861 959 Conjeetorem.
913 918 964 950 At
993 918 1063 959 ille,
1079 916 1228 956 vinces,
1245 915 1378 960 inquit:
1409 915 1445 948 id
1464 914 1559 947 enim

110 969 273 1003 celeritas
302 969 489 1012 significat,
516 972 552 1002 et
581 970 633 1002 vis
671 980 855 1012 equorum.
905 971 995 1005 Post
1020 971 1109 1005 idem
1137 971 1184 1005 ad
1211 969 1470 1015 Antiphontem.
1523 968 1561 1001 Is

111 1027 246 1067 autem,
263 1024 431 1064 Vincare,
448 1023 577 1068 inquit,
602 1034 749 1057 necesse
773 1026 838 1057 est.
888 1023 1019 1057 Annon
1037 1024 1207 1065 intelligis
1224 1025 1390 1064 Quatuor
1407 1025 1489 1056 ante
1506 1023 1561 1057 Te

110 1081 309 1114 cucurrisse
320 1080 352 1114 ?''
376 1079 481 1113 Alius
498 1079 607 1122 igitur
623 1079 667 1111 ab
685 1077 911 1122 Antiphonte
936 1078 1107 1118 Rhetore,
1134 1078 1196 1110 sed
1216 1081 1253 1110 et
1277 1080 1386 1110 aetate
1402 1079 1439 1110 et
1454 1079 1561 1119 gente

112 1135 330 1179 conjunctus
363 1134 524 1177 Antipho
561 1133 729 1178 Sophista.
761 1136 797 1166 et
829 1133 1099 1167 Onirocriticus.
1148 1131 1216 1175 (3.)
1250 1131 1390 1165 Eadem
1424 1130 1562 1164 Civitas

110 1191 237 1234 procul
261 1189 384 1231 dubio,
408 1199 611 1233 quanquam
629 1188 664 1220 id
683 1198 753 1220 non
773 1188 902 1221 diserte
922 1188 1084 1228 traditur,
1101 1197 1182 1230 quae
1201 1187 1292 1219 duos
1308 1186 1453 1230 priores,
1480 1187 1563 1220 tulit

109 1246 219 1279 etiam
232 1243 491 1288 Antiphontem
508 1243 716 1286 Tragicum.
769 1242 807 1276 Is
822 1253 843 1276 a
858 1243 1034 1286 Dionysio
1049 1241 1184 1276 Siciliae
1199 1241 1366 1285 Tyranno
1382 1239 1418 1273 in
1437 1241 1561 1275 convi-

112 1301 170 1335 vio
187 1301 437 1342 interrogatus,
456 1299 638 1343 quodnam
658 1310 707 1332 aes
725 1299 755 1332 ei
784 1299 959 1343 optimum
984 1309 1061 1332 csse
1079 1299 1270 1340 videretur,
1298 1297 1409 1337 Illud,
1433 1298 1561 1341 inquit,

110 1358 144 1394 ἐξ
160 1353 200 1390 οὗ
216 1355 465 1389 κατεσκεύασαν
478 1355 651 1395 Ἀθηναῖοι
667 1357 728 1394 τὰς
739 1354 913 1399 ζΑρμοδίου
930 1357 983 1388 καὶ
994 1356 1279 1399 Ἀριστογείτονος
1292 1355 1434 1393 εἰκόνας.
1454 1353 1562 1393 Quod

111 1421 193 1444 eum
216 1410 304 1453 Regi
320 1410 545 1456 rehementer
560 1409 755 1453 displicuit,
772 1410 885 1443 verito
903 1421 951 1443 se.
970 1420 1013 1442 ne
1031 1421 1075 1443 ea.
1092 1420 1148 1443 res
1162 1410 1206 1442 ad
1224 1408 1437 1442 seditionem
1456 1408 1564 1451 perti-

112 1468 224 1506 neret,
242 1465 287 1498 ab
303 1464 427 1498 eodem
447 1468 502 1497 est
524 1464 772 1508 interemptus.
800 1464 885 1497 Vid.
906 1464 1087 1498 Plutarch.
1106 1464 1151 1497 de
1169 1463 1374 1497 discrimine
1390 1463 1511 1497 Amici
1528 1466 1564 1496 et

112 1519 331 1558 Adulatoris‚
346 1525 382 1552 et
398 1519 434 1551 in
452 1518 542 1551 libro
559 1519 604 1551 de
618 1520 819 1552 Stoicorum
834 1519 1094 1563 repugnantiis.
1122 1520 1180 1553 Tu
1197 1529 1282 1562 ergo
1297 1518 1342 1550 de
1357 1518 1410 1551 his
1425 1528 1565 1562 semper

113 1576 292 1615 distinete,
309 1577 349 1608 ut
372 1574 493 1613 debes,
519 1585 638 1618 neque
664 1575 802 1608 interea
827 1575 874 1608 sis
896 1575 1038 1609 nescius
1056 1575 1164 1619 pluris
1182 1574 1290 1608 fuisse
1306 1573 1564 1618 Antiphontas‚

114 1641 203 1674 quos
228 1629 373 1662 fortasse
391 1628 448 1661 ille
466 1629 655 1662 commisit.
705 1630 773 1662 Sed
796 1629 873 1673 jam
899 1632 1043 1673 tempus
1060 1632 1127 1671 est,
1146 1633 1186 1662 ut
1209 1627 1454 1672 dispiciamus,
1478 1626 1567 1671 quid

115 1682 269 1728 scripsit.
295 1682 467 1726 Antiplm,
495 1683 544 1715 ait
572 1682 642 1724 ille,
667 1683 802 1728 Sophili
824 1683 867 1717 F.
884 1684 1098 1728 μαθητεύσας
1114 1687 1161 1728 τῷ
1178 1685 1294 1726 πατρί.
1345 1682 1567 1716 Procedente

116 1740 236 1772 tamen
254 1737 412 1770 oratione
430 1736 534 1770 refert
550 1736 749 1778 Caeeffium,
768 1737 828 1781 qui
854 1738 1151 1771 commentarium
1169 1738 1214 1770 de
1232 1735 1457 1780 Antiphonte
1481 1736 1568 1769 seri-

116 1794 200 1837 psit,
227 1792 422 1825 credidisse
453 1792 633 1825 hominem
661 1792 885 1835 Thucydidis
913 1792 1020 1826 fuisse
1047 1792 1275 1835 discipulum.
1327 1790 1468 1824 Eadem
1494 1790 1567 1823 fere

116 1847 224 1881 habet
241 1846 403 1880 Photius.
430 1843 538 1885 Οὗτος
553 1850 600 1889 τῷ
621 1848 725 1890 οἰκείῳ
751 1850 852 1891 πατρὶ
880 1849 1008 1890 Σοφίλῳ
1035 1848 1262 1890 σοφιστεύοντι
1286 1848 1491 1890 μαθητεῦσαι
1514 1845 1568 1878 λέ-

117 1914 220 1950 γεται·
238 1905 387 1943 Κεκίλιος
415 1903 446 1935 δὲ
475 1904 672 1936 Θουκυδίδου
699 1907 756 1937 τοῦ
784 1903 993 1948 συγγραφέως
1017 1906 1175 1948 μαθητὴν
1205 1904 1379 1948 γεγονέναι
1403 1905 1480 1946 φησὶ
1508 1904 1571 1935 τὸν

117 1963 255 2006 ῥήτορα.
304 1959 362 1993 De
379 1961 533 2003 utraque
551 1959 662 1993 schola
680 1970 807 2004 panea,
820 1961 989 2004 quoniam
1005 1960 1182 1993 hominem
1202 1971 1267 1993 sua
1281 1960 1393 2004 ipsius
1412 1959 1568 1992 auctori-

115 2020 189 2051 tate
206 2015 360 2049 vincam.
410 2013 483 2054 Qui
500 2013 664 2047 Athenas
677 2014 820 2047 Atticas
837 2017 980 2056 norunt,
1001 2015 1118 2047 sciunt
1135 2014 1200 2055 illi,
1216 2015 1324 2047 etiam
1350 2023 1490 2046 menon
1505 2011 1569 2045 ad-

119 2072 300 2112 monente,
320 2069 432 2103 serius
449 2069 520 2102 illic
537 2069 739 2112 disciplinae
758 2069 859 2102 istius
877 2069 982 2101 ludos
999 2069 1141 2112 aperiri,
1155 2079 1261 2113 quam
1280 2071 1318 2101 ut
1335 2067 1571 2111 Antiphontis

119 2128 220 2170 pater
235 2123 390 2168 profiteri
406 2125 537 2166 posset.
586 2123 699 2156 Aiunt
719 2123 861 2167 plurimi
875 2123 1134 2165 Antiphontem
1150 2124 1267 2166 ipsum
1287 2123 1438 2166 primum
1457 2125 1569 2155 artem

119 2179 286 2225 profiteri,
304 2178 339 2210 in
358 2177 488 2220 quibus
515 2179 568 2210 est.
594 2178 669 2222 ipse
697 2178 912 2212 Plutarchus
937 2178 1105 2222 proximo
1132 2178 1203 2211 fere
1221 2181 1411 2211 commate.
1462 2177 1572 2210 Porro

123 2237 241 2268 autem
261 2231 440 2276 Sophilus,
458 2234 499 2266 ut
515 2232 572 2266 liic
589 2233 766 2273 scribitur,
785 2244 854 2266 non
874 2233 988 2266 solum
1007 2233 1268 2276 Antiphontem
1287 2233 1412 2271 filium,
1427 2232 1489 2265 sed
1506 2231 1572 2265 Al-

122 2288 298 2323 cibiadem
328 2297 472 2331 quoque.
501 2286 665 2328 erudivit,
694 2288 743 2320 ita
768 2288 862 2321 enirn
889 2287 1052 2330 intelligo
1079 2288 1187 2321 verba
1213 2288 1292 2327 ista,
1319 2290 1495 2331 quantum
1522 2296 1572 2318 sc.

124 2343 237 2377 verba
266 2351 391 2386 parum
420 2341 550 2374 Graeea
578 2340 777 2384 intelligere
795 2351 951 2385 possum.
996 2341 1038 2382 ᾫ
1070 2343 1123 2374 καὶ
1151 2341 1372 2382 Ἀλκιβιάδην
1397 2343 1498 2384 φασὶν
1527 2340 1575 2372 ἔτι

125 2399 230 2432 παῖδα
246 2398 329 2430 ὄντα
346 2399 551 2439 φοιτῆσαι.
581 2395 674 2428 Haec
688 2406 757 2428 non
775 2399 831 2429 sat
848 2396 909 2428 tihi
928 2396 1150 2439 temporibus
1165 2396 1346 2437 distincta,
1366 2396 1483 2429 Dave.
1498 2395 1575 2428 An-

124 2452 322 2497 tiphontem
339 2451 455 2495 ipsum
474 2461 544 2483 non
564 2449 630 2482 nisi
653 2461 772 2484 senem
792 2451 883 2484 vidit
900 2451 1118 2484 Alcibiades.
1169 2451 1252 2484 Hoc
1270 2462 1314 2485 ex
1335 2450 1577 2484 monumentis

123 2508 273 2541 istorum
289 2509 490 2550 temporum
508 2505 697 2547 colligitur,
717 2509 849 2549 tuaque
869 2506 958 2538 adeo
974 2506 1132 2539 oratione
1149 2507 1184 2539 in
1209 2506 1276 2539 hoc
1299 2507 1376 2550 ipso
1392 2516 1576 2539 commcn-

126 2562 263 2596 1ariolo.
314 2560 428 2594 Modo
455 2561 549 2593 enim
566 2575 572 2592 :
599 2561 738 2599 τούτους
762 2562 847 2604 εὖροι
873 2574 922 2600 τις
939 2563 984 2593 ἂν
1001 2562 1268 2604 ἐπιβεβληκότας
1283 2562 1484 2605 Ἀντιφῶντι
1501 2573 1579 2604 πρε-

129 2617 237 2661 σβύτῃ
253 2617 315 2657 ἤδη
333 2617 417 2657 ὄντι,
436 2613 508 2648 οἷον
523 2616 756 2658 Ἀλκιβιάδην,
775 2617 928 2660 Κριτίαν,
953 2618 1096 2657 Λυσίαν,
1113 2617 1304 2661 Ἀρχίνοον.
1330 2617 1368 2660 (Ι.
1386 2615 1577 2660 Ἀρχῖνον).

128 2671 187 2705 De
205 2670 341 2714 Sophili
360 2670 480 2703 schola
497 2672 659 2703 tantum:
687 2670 769 2702 Non
788 2670 926 2703 felicius
943 2670 1048 2704 cessit
1072 2670 1182 2704 altera
1201 2671 1433 2713 Thucydidis.
1483 2670 1578 2702 Nam

129 2736 193 2768 per
211 2728 356 2759 aetatem
373 2724 478 2759 video
494 2735 565 2757 non
580 2734 662 2757 eum
679 2723 955 2768 Antiphontem,
969 2725 1030 2758 sed
1049 2725 1308 2768 Antiphontem
1326 2723 1579 2767 Thucydidem

129 2781 326 2816 instituisse
350 2781 484 2824 potius.
532 2781 656 2824 Atque
674 2781 710 2813 id
727 2780 858 2814 diserte
875 2782 1020 2815 tradunt
1039 2782 1178 2824 Suidas,
1196 2782 1434 2815 Marcellinus
1456 2781 1491 2813 in
1508 2779 1582 2812 vita

131 2835 364 2879 Thucydidis,
381 2839 417 2869 et
435 2835 695 2878 Hermogenes,
721 2835 827 2875 Quod
843 2846 967 2869 verum
986 2847 1063 2869 esse
1080 2836 1242 2869 arbitror.
1290 2835 1341 2868 Et
1363 2834 1509 2867 sortasse
1531 2833 1582 2866 ita

132 2889 272 2933 scripsit
288 2889 428 2923 Auctor
443 2892 574 2923 noster.
625 2889 809 2922 Plutarchi
824 2891 918 2923 enim
939 2890 1054 2924 Codd.
1069 2890 1188 2924 MSS.
1203 2889 1375 2927 nonnulli,
1388 2889 1480 2920 inter
1493 2898 1583 2931 quos

133 2946 216 2977 sunt
225 2942 382 2976 'I'urnebi
396 2946 432 2977 et
441 2943 624 2985 Vuleobii,
638 2954 702 2987 pro
719 2944 916 2978 Θουκυδίδου
933 2947 1103 2988 μαθητὴν,
1119 2944 1316 2978 Θουκυδίδου
1334 2942 1583 2975 διδάσκαλον

132 2999 321 3042 reponunt.
347 2998 416 3031 Sed
435 2997 478 3030 de
492 2997 545 3031 his
560 2998 656 3032 satiS.
686 2999 871 3042 Sequitur,
887 3002 952 3033 Καὶ
967 2999 1112 3042 δύναμιν
1127 3000 1240 3042 λόγων
1253 2998 1581 3041 κτησάμενος-ὥρη
