<?xml version="1.0" encoding="UTF-8"?>
<!DOCTYPE html PUBLIC "-//W3C//DTD XHTML 1.0 Transitional//EN"
    "http://www.w3.org/TR/xhtml1/DTD/xhtml1-transitional.dtd">
<html xmlns="http://www.w3.org/1999/xhtml" xml:lang="en" lang="en">
 <head>
  <title>
</title>
<meta http-equiv="Content-Type" content="text/html;charset=utf-8" />
  <meta name='ocr-system' content='tesseract 3.04.00' />
  <meta name='ocr-capabilities' content='ocr_page ocr_carea ocr_par ocr_line ocrx_word'/>
</head>
<body>
  <div class='ocr_page' id='page_1' title='image "./oratoresatticie02dobs/oratoresatticie02dobs_0150.png"; bbox 0 0 1839 3229; ppageno 0'>
   <div class='ocr_carea' id='block_1_1' title="bbox 247 188 1150 235">
    <p class='ocr_par' dir='ltr' id='par_1_1' title="bbox 247 188 1150 235">
     <span class='ocr_line' id='line_1_1' title="bbox 247 188 1150 235; baseline 0.007 -6"><span class='ocrx_word' id='word_1_1' title='bbox 247 188 326 230; x_wconf 80' lang='lat'>108</span> <span class='ocrx_word' id='word_1_2' title='bbox 809 192 1150 235; x_wconf 84' lang='lat' dir='ltr'><strong>I.TAYLOR1</strong></span> 
     </span>
    </p>
   </div>
   <div class='ocr_carea' id='block_1_2' title="bbox 847 368 1104 411">
    <p class='ocr_par' dir='ltr' id='par_1_2' title="bbox 847 368 1104 411">
     <span class='ocr_line' id='line_1_2' title="bbox 847 368 1104 411; baseline 0 -1"><span class='ocrx_word' id='word_1_3' title='bbox 847 368 1104 411; x_wconf 85' lang='lat' dir='ltr'><strong>CAP.IV.</strong></span> 
     </span>
    </p>
   </div>
   <div class='ocr_carea' id='block_1_3' title="bbox 240 457 1705 651">
    <p class='ocr_par' dir='ltr' id='par_1_3' title="bbox 240 457 1705 651">
     <span class='ocr_line' id='line_1_3' title="bbox 240 457 1705 498; baseline -0.001 -8"><span class='ocrx_word' id='word_1_4' title='bbox 240 459 420 490; x_wconf 79' lang='lat' dir='ltr'><strong>Amazones.</strong></span> <span class='ocrx_word' id='word_1_5' title='bbox 464 461 583 491; x_wconf 84' lang='lat' dir='ltr'><strong>Onatus</strong></span> <span class='ocrx_word' id='word_1_6' title='bbox 607 459 674 490; x_wconf 88' lang='lat' dir='ltr'><strong>sive</strong></span> <span class='ocrx_word' id='word_1_7' title='bbox 698 461 819 490; x_wconf 85' lang='lat' dir='ltr'>Onasus</span> <span class='ocrx_word' id='word_1_8' title='bbox 831 469 932 489; x_wconf 86' lang='lat' dir='ltr'><strong>rerum</strong></span> <span class='ocrx_word' id='word_1_9' title='bbox 949 458 1200 489; x_wconf 82' lang='lat' dir='ltr'><strong>Amazoniearum</strong></span> <span class='ocrx_word' id='word_1_10' title='bbox 1217 458 1348 498; x_wconf 77' lang='lat' dir='ltr'><strong>scriptor</strong></span> <span class='ocrx_word' id='word_1_11' title='bbox 1364 457 1517 498; x_wconf 83' lang='lat' dir='ltr'><strong>antiquus.</strong></span> <span class='ocrx_word' id='word_1_12' title='bbox 1564 458 1705 489; x_wconf 82' lang='lat' dir='ltr'><strong>Restitu-</strong></span> 
     </span>
     <span class='ocr_line' id='line_1_4' title="bbox 282 508 1704 549; baseline -0.001 -9"><span class='ocrx_word' id='word_1_13' title='bbox 282 510 344 540; x_wconf 87' lang='lat' dir='ltr'><strong>itur</strong></span> <span class='ocrx_word' id='word_1_14' title='bbox 359 511 445 541; x_wconf 84' lang='lat' dir='ltr'><strong>loeus</strong></span> <span class='ocrx_word' id='word_1_15' title='bbox 461 510 679 549; x_wconf 71' lang='lat' dir='ltr'>Aristophanis</span> <span class='ocrx_word' id='word_1_16' title='bbox 696 514 726 539; x_wconf 86' lang='lat' dir='ltr'>et</span> <span class='ocrx_word' id='word_1_17' title='bbox 742 509 898 548; x_wconf 88' lang='lat' dir='ltr'><strong>Apollonii</strong></span> <span class='ocrx_word' id='word_1_18' title='bbox 925 509 1049 538; x_wconf 84' lang='lat' dir='ltr'><strong>Rhodii.</strong></span> <span class='ocrx_word' id='word_1_19' title='bbox 1096 509 1230 539; x_wconf 84' lang='lat' dir='ltr'>Tollitur</span> <span class='ocrx_word' id='word_1_20' title='bbox 1252 508 1467 548; x_wconf 85' lang='lat' dir='ltr'><strong>gravissimum</strong></span> <span class='ocrx_word' id='word_1_21' title='bbox 1491 509 1521 538; x_wconf 91' lang='lat' dir='ltr'>in</span> <span class='ocrx_word' id='word_1_22' title='bbox 1544 510 1704 540; x_wconf 83' lang='lat' dir='ltr'>Herodoto</span> 
     </span>
     <span class='ocr_line' id='line_1_5' title="bbox 281 559 1703 599; baseline -0.001 -8"><span class='ocrx_word' id='word_1_23' title='bbox 281 561 436 591; x_wconf 88' lang='lat' dir='ltr'><strong>mendum.</strong></span> <span class='ocrx_word' id='word_1_24' title='bbox 480 563 651 591; x_wconf 84' lang='lat' dir='ltr'><strong>Praetorum</strong></span> <span class='ocrx_word' id='word_1_25' title='bbox 668 560 898 590; x_wconf 80' lang='lat' dir='ltr'><strong>Atheniensium</strong></span> <span class='ocrx_word' id='word_1_26' title='bbox 925 559 1046 589; x_wconf 89' lang='lat' dir='ltr'><strong>nomina</strong></span> <span class='ocrx_word' id='word_1_27' title='bbox 1068 560 1200 599; x_wconf 82' lang='lat' dir='ltr'>aliquam</span> <span class='ocrx_word' id='word_1_28' title='bbox 1225 560 1321 589; x_wconf 88' lang='lat' dir='ltr'><strong>multa</strong></span> <span class='ocrx_word' id='word_1_29' title='bbox 1339 559 1543 589; x_wconf 82' lang='lat' dir='ltr'><strong>vindicantur.</strong></span> <span class='ocrx_word' id='word_1_30' title='bbox 1590 561 1703 590; x_wconf 88' lang='lat' dir='ltr'><strong>Emen-</strong></span> 
     </span>
     <span class='ocr_line' id='line_1_6' title="bbox 281 610 1702 651; baseline -0.001 -9"><span class='ocrx_word' id='word_1_31' title='bbox 281 612 372 642; x_wconf 84' lang='lat' dir='ltr'><strong>datur</strong></span> <span class='ocrx_word' id='word_1_32' title='bbox 395 612 564 651; x_wconf 82' lang='lat' dir='ltr'><strong>Dionysius</strong></span> <span class='ocrx_word' id='word_1_33' title='bbox 582 611 876 646; x_wconf 80' lang='lat' dir='ltr'><strong>Halicarnassensis,</strong></span> <span class='ocrx_word' id='word_1_34' title='bbox 902 610 1062 640; x_wconf 90' lang='lat' dir='ltr'><strong>Diodorus</strong></span> <span class='ocrx_word' id='word_1_35' title='bbox 1084 610 1222 646; x_wconf 80' lang='lat' dir='ltr'><strong>Siculus,</strong></span> <span class='ocrx_word' id='word_1_36' title='bbox 1251 610 1487 646; x_wconf 84' lang='lat' dir='ltr'><strong>Demosthenes,</strong></span> <span class='ocrx_word' id='word_1_37' title='bbox 1503 610 1625 649; x_wconf 85' lang='lat' dir='ltr'><strong>aliique,</strong></span> <span class='ocrx_word' id='word_1_38' title='bbox 1641 612 1702 649; x_wconf 68' lang='lat' dir='ltr'>lay-</span> 
     </span>
    </p>
   </div>
   <div class='ocr_carea' id='block_1_4' title="bbox 282 662 864 703">
    <p class='ocr_par' dir='ltr' id='par_1_4' title="bbox 282 662 864 703">
     <span class='ocr_line' id='line_1_7' title="bbox 282 662 864 703; baseline -0.003 -10"><span class='ocrx_word' id='word_1_39' title='bbox 282 663 344 693; x_wconf 85' lang='lat' dir='ltr'><strong>sias</strong></span> <span class='ocrx_word' id='word_1_40' title='bbox 358 664 505 703; x_wconf 84' lang='lat' dir='ltr'><strong>denique,</strong></span> <span class='ocrx_word' id='word_1_41' title='bbox 521 664 627 703; x_wconf 76' lang='lat' dir='ltr'><strong>Etym.</strong></span> <span class='ocrx_word' id='word_1_42' title='bbox 643 662 690 692; x_wconf 89' lang='lat' dir='ltr'>M.</span> <span class='ocrx_word' id='word_1_43' title='bbox 704 667 735 692; x_wconf 90' lang='lat' dir='ltr'>et</span> <span class='ocrx_word' id='word_1_44' title='bbox 750 663 864 692; x_wconf 82' lang='lat' dir='ltr'><strong>caesar.</strong></span> 
     </span>
    </p>
   </div>
   <div class='ocr_carea' id='block_1_5' title="bbox 229 737 1705 1332">
    <p class='ocr_par' dir='ltr' id='par_1_5' title="bbox 229 737 1705 1332">
     <span class='ocr_line' id='line_1_8' title="bbox 238 737 1701 783; baseline 0.001 -13"><span class='ocrx_word' id='word_1_45' title='bbox 238 737 300 771; x_wconf 75' lang='lat' dir='ltr'>DE</span> <span class='ocrx_word' id='word_1_46' title='bbox 318 738 425 772; x_wconf 88' lang='lat' dir='ltr'><strong>rebus</strong></span> <span class='ocrx_word' id='word_1_47' title='bbox 442 737 672 772; x_wconf 85' lang='lat' dir='ltr'><strong>Amazonicis</strong></span> <span class='ocrx_word' id='word_1_48' title='bbox 689 737 737 783; x_wconf 89' lang='lat' dir='ltr'>(v.</span> <span class='ocrx_word' id='word_1_49' title='bbox 756 748 790 782; x_wconf 86' lang='lat' dir='ltr'>p.</span> <span class='ocrx_word' id='word_1_50' title='bbox 805 740 863 772; x_wconf 84' lang='lat'>55.</span> <span class='ocrx_word' id='word_1_51' title='bbox 881 737 966 782; x_wconf 85' lang='lat' dir='ltr'><strong>ult.)</strong></span> <span class='ocrx_word' id='word_1_52' title='bbox 977 737 1152 782; x_wconf 86' lang='lat' dir='ltr'><strong>scripsere</strong></span> <span class='ocrx_word' id='word_1_53' title='bbox 1163 737 1258 772; x_wconf 86' lang='lat' dir='ltr'><strong>inter</strong></span> <span class='ocrx_word' id='word_1_54' title='bbox 1273 738 1456 783; x_wconf 82' lang='lat' dir='ltr'><strong>Antiquos</strong></span> <span class='ocrx_word' id='word_1_55' title='bbox 1471 737 1627 775; x_wconf 79' lang='lat' dir='ltr'><strong>Gnatus,</strong></span> <span class='ocrx_word' id='word_1_56' title='bbox 1643 750 1701 782; x_wconf 85' lang='grc' dir='ltr'>σχ.</span> 
     </span>
     <span class='ocr_line' id='line_1_9' title="bbox 236 792 1703 838; baseline 0.001 -13"><span class='ocrx_word' id='word_1_57' title='bbox 236 792 422 827; x_wconf 85' lang='lat' dir='ltr'><strong>Theocrit.</strong></span> <span class='ocrx_word' id='word_1_58' title='bbox 442 793 562 828; x_wconf 89' lang='lat' dir='ltr'><strong>XIII.</strong></span> <span class='ocrx_word' id='word_1_59' title='bbox 579 795 637 827; x_wconf 88' lang='lat'>46.</span> <span class='ocrx_word' id='word_1_60' title='bbox 653 793 780 837; x_wconf 87' lang='lat' dir='ltr'><strong>(quem</strong></span> <span class='ocrx_word' id='word_1_61' title='bbox 799 793 964 827; x_wconf 82' lang='lat' dir='ltr'><strong>Onasum</strong></span> <span class='ocrx_word' id='word_1_62' title='bbox 984 797 1089 827; x_wconf 89' lang='lat' dir='ltr'><strong>vocat</strong></span> <span class='ocrx_word' id='word_1_63' title='bbox 1107 807 1163 838; x_wconf 86' lang='grc' dir='ltr'>σχ.</span> <span class='ocrx_word' id='word_1_64' title='bbox 1190 792 1377 838; x_wconf 90' lang='lat' dir='ltr'><strong>Apollonii</strong></span> <span class='ocrx_word' id='word_1_65' title='bbox 1396 793 1529 827; x_wconf 87' lang='lat' dir='ltr'><strong>Rhodii</strong></span> <span class='ocrx_word' id='word_1_66' title='bbox 1547 793 1578 827; x_wconf 93' lang='grc' dir='ltr'>Ι.</span> <span class='ocrx_word' id='word_1_67' title='bbox 1599 795 1703 828; x_wconf 85' lang='grc'><strong>1208.</strong></span> 
     </span>
     <span class='ocr_line' id='line_1_10' title="bbox 237 848 1704 893; baseline -0.001 -10"><span class='ocrx_word' id='word_1_68' title='bbox 237 848 361 893; x_wconf 80' lang='grc'><strong>1237.)</strong></span> <span class='ocrx_word' id='word_1_69' title='bbox 378 851 487 893; x_wconf 80' lang='lat' dir='ltr'><strong>atque</strong></span> <span class='ocrx_word' id='word_1_70' title='bbox 501 850 594 883; x_wconf 85' lang='lat' dir='ltr'><strong>inter</strong></span> <span class='ocrx_word' id='word_1_71' title='bbox 607 850 824 883; x_wconf 83' lang='lat' dir='ltr'><strong>recentiores</strong></span> <span class='ocrx_word' id='word_1_72' title='bbox 838 849 1061 883; x_wconf 82' lang='lat' dir='ltr'><strong>laudabilem</strong></span> <span class='ocrx_word' id='word_1_73' title='bbox 1075 860 1160 883; x_wconf 86' lang='lat' dir='ltr'><strong>sane</strong></span> <span class='ocrx_word' id='word_1_74' title='bbox 1171 849 1468 884; x_wconf 88' lang='lat' dir='ltr'><strong>commentarium</strong></span> <span class='ocrx_word' id='word_1_75' title='bbox 1488 850 1615 882; x_wconf 88' lang='lat' dir='ltr'><strong>Petrus</strong></span> <span class='ocrx_word' id='word_1_76' title='bbox 1632 850 1704 883; x_wconf 88' lang='lat' dir='ltr'><strong>Pe-</strong></span> 
     </span>
     <span class='ocr_line' id='line_1_11' title="bbox 234 902 1703 950; baseline 0.002 -14"><span class='ocrx_word' id='word_1_77' title='bbox 234 903 337 937; x_wconf 84' lang='lat' dir='ltr'><strong>titus.</strong></span> <span class='ocrx_word' id='word_1_78' title='bbox 396 903 444 938; x_wconf 90' lang='lat' dir='ltr'>In</span> <span class='ocrx_word' id='word_1_79' title='bbox 462 903 706 938; x_wconf 84' lang='lat' dir='ltr'><strong>monumentis</strong></span> <span class='ocrx_word' id='word_1_80' title='bbox 733 903 922 947; x_wconf 87' lang='lat' dir='ltr'><strong>Veterum,</strong></span> <span class='ocrx_word' id='word_1_81' title='bbox 951 915 1032 948; x_wconf 87' lang='lat' dir='ltr'><strong>quae</strong></span> <span class='ocrx_word' id='word_1_82' title='bbox 1048 903 1213 950; x_wconf 81' lang='lat' dir='ltr'><strong>populum</strong></span> <span class='ocrx_word' id='word_1_83' title='bbox 1235 903 1347 938; x_wconf 86' lang='lat' dir='ltr'><strong>istum</strong></span> <span class='ocrx_word' id='word_1_84' title='bbox 1373 902 1558 938; x_wconf 83' lang='lat' dir='ltr'>mulierum</span> <span class='ocrx_word' id='word_1_85' title='bbox 1583 904 1703 939; x_wconf 85' lang='lat' dir='ltr'><strong>adhuc</strong></span> 
     </span>
     <span class='ocr_line' id='line_1_12' title="bbox 235 956 1705 1002; baseline 0.003 -12"><span class='ocrx_word' id='word_1_86' title='bbox 235 956 434 991; x_wconf 81' lang='lat' dir='ltr'><strong>nobilitant</strong></span> <span class='ocrx_word' id='word_1_87' title='bbox 444 957 673 1002; x_wconf 83' lang='lat' dir='ltr'><strong>(cujusmodi</strong></span> <span class='ocrx_word' id='word_1_88' title='bbox 691 960 776 991; x_wconf 86' lang='lat' dir='ltr'><strong>sunt</strong></span> <span class='ocrx_word' id='word_1_89' title='bbox 794 958 932 991; x_wconf 90' lang='lat' dir='ltr'><strong>nummi</strong></span> <span class='ocrx_word' id='word_1_90' title='bbox 945 959 1229 1002; x_wconf 74' lang='lat' dir='ltr'><strong>Smyrnaemum,</strong></span> <span class='ocrx_word' id='word_1_91' title='bbox 1245 958 1548 1002; x_wconf 83' lang='lat' dir='ltr'><strong>Thyatirenorum</strong></span> <span class='ocrx_word' id='word_1_92' title='bbox 1565 962 1705 994; x_wconf 80' lang='lat' dir='ltr'><strong>cetera-</strong></span> 
     </span>
     <span class='ocr_line' id='line_1_13' title="bbox 232 1012 1704 1059; baseline 0.003 -14"><span class='ocrx_word' id='word_1_93' title='bbox 232 1021 388 1056; x_wconf 86' lang='lat' dir='ltr'><strong>rumque</strong></span> <span class='ocrx_word' id='word_1_94' title='bbox 413 1012 602 1046; x_wconf 86' lang='lat' dir='ltr'><strong>oivitatum</strong></span> <span class='ocrx_word' id='word_1_95' title='bbox 623 1012 735 1056; x_wconf 85' lang='lat' dir='ltr'><strong>juxta</strong></span> <span class='ocrx_word' id='word_1_96' title='bbox 760 1012 861 1046; x_wconf 80' lang='lat' dir='ltr'><strong>Asiae</strong></span> <span class='ocrx_word' id='word_1_97' title='bbox 893 1024 993 1047; x_wconf 88' lang='lat' dir='ltr'><strong>oram</strong></span> <span class='ocrx_word' id='word_1_98' title='bbox 1024 1013 1254 1055; x_wconf 84' lang='lat' dir='ltr'><strong>maritimam,</strong></span> <span class='ocrx_word' id='word_1_99' title='bbox 1282 1013 1380 1047; x_wconf 86' lang='lat' dir='ltr'><strong>Vide</strong></span> <span class='ocrx_word' id='word_1_100' title='bbox 1401 1014 1550 1058; x_wconf 88' lang='lat' dir='ltr'><strong>Seguin.</strong></span> <span class='ocrx_word' id='word_1_101' title='bbox 1579 1026 1615 1059; x_wconf 84' lang='lat' dir='ltr'>p.</span> <span class='ocrx_word' id='word_1_102' title='bbox 1644 1017 1704 1049; x_wconf 82' lang='lat'>23.</span> 
     </span>
     <span class='ocr_line' id='line_1_14' title="bbox 233 1068 1702 1113; baseline 0.002 -13"><span class='ocrx_word' id='word_1_103' title='bbox 233 1075 389 1108; x_wconf 64' lang='lat' dir='ltr'><strong>gemmae</strong></span> <span class='ocrx_word' id='word_1_104' title='bbox 407 1077 519 1112; x_wconf 86' lang='lat' dir='ltr'><strong>quam</strong></span> <span class='ocrx_word' id='word_1_105' title='bbox 536 1068 699 1112; x_wconf 86' lang='lat' dir='ltr'><strong>plurimae</strong></span> <span class='ocrx_word' id='word_1_106' title='bbox 717 1068 927 1113; x_wconf 86' lang='lat' dir='ltr'><strong>tabulaeque</strong></span> <span class='ocrx_word' id='word_1_107' title='bbox 944 1069 1116 1113; x_wconf 81' lang='lat' dir='ltr'><strong>antiquae.</strong></span> <span class='ocrx_word' id='word_1_108' title='bbox 1134 1069 1221 1103; x_wconf 86' lang='lat' dir='ltr'><strong>Vid.</strong></span> <span class='ocrx_word' id='word_1_109' title='bbox 1240 1068 1370 1103; x_wconf 83' lang='lat' dir='ltr'><strong>Canin.</strong></span> <span class='ocrx_word' id='word_1_110' title='bbox 1402 1069 1569 1113; x_wconf 80' lang='lat' dir='ltr'><strong>Iconogr.</strong></span> <span class='ocrx_word' id='word_1_111' title='bbox 1587 1070 1702 1104; x_wconf 87' lang='lat' dir='ltr'><strong>XVI.</strong></span> 
     </span>
     <span class='ocr_line' id='line_1_15' title="bbox 231 1120 1700 1169; baseline 0.003 -15"><span class='ocrx_word' id='word_1_112' title='bbox 231 1120 367 1164; x_wconf 85' lang='lat' dir='ltr'><strong>Beger.</strong></span> <span class='ocrx_word' id='word_1_113' title='bbox 395 1122 568 1158; x_wconf 87' lang='lat' dir='ltr'><strong>Thesaur.</strong></span> <span class='ocrx_word' id='word_1_114' title='bbox 596 1123 880 1168; x_wconf 81' lang='lat' dir='ltr'><strong>Brandenburg.</strong></span> <span class='ocrx_word' id='word_1_115' title='bbox 911 1124 983 1158; x_wconf 85' lang='lat' dir='ltr'><strong>vol.</strong></span> <span class='ocrx_word' id='word_1_116' title='bbox 1014 1124 1091 1158; x_wconf 89' lang='grc' dir='ltr'><strong>ΙΙΙ.</strong></span> <span class='ocrx_word' id='word_1_117' title='bbox 1112 1135 1148 1168; x_wconf 91' lang='lat' dir='ltr'>p.</span> <span class='ocrx_word' id='word_1_118' title='bbox 1170 1126 1252 1158; x_wconf 88' lang='grc'><strong>318.</strong></span> <span class='ocrx_word' id='word_1_119' title='bbox 1280 1124 1485 1158; x_wconf 82' lang='lat' dir='ltr'><strong>Lucernam</strong></span> <span class='ocrx_word' id='word_1_120' title='bbox 1513 1125 1700 1169; x_wconf 73' lang='lat' dir='ltr'><strong>antiquam</strong></span> 
     </span>
     <span class='ocr_line' id='line_1_16' title="bbox 231 1177 1700 1225; baseline 0.003 -16"><span class='ocrx_word' id='word_1_121' title='bbox 231 1177 329 1220; x_wconf 86' lang='lat' dir='ltr'><strong>apud</strong></span> <span class='ocrx_word' id='word_1_122' title='bbox 348 1177 532 1222; x_wconf 87' lang='lat' dir='ltr'><strong>Licetum,</strong></span> <span class='ocrx_word' id='word_1_123' title='bbox 548 1178 619 1213; x_wconf 90' lang='lat' dir='ltr'>IV.</span> <span class='ocrx_word' id='word_1_124' title='bbox 637 1181 696 1213; x_wconf 84' lang='lat'>55.</span> <span class='ocrx_word' id='word_1_125' title='bbox 713 1181 750 1213; x_wconf 88' lang='lat' dir='ltr'>et</span> <span class='ocrx_word' id='word_1_126' title='bbox 755 1179 866 1224; x_wconf 85' lang='lat' dir='ltr'><strong>ferro</strong></span> <span class='ocrx_word' id='word_1_127' title='bbox 879 1179 1009 1213; x_wconf 82' lang='lat' dir='ltr'><strong>armari</strong></span> <span class='ocrx_word' id='word_1_128' title='bbox 1029 1181 1065 1212; x_wconf 84' lang='lat' dir='ltr'>et</span> <span class='ocrx_word' id='word_1_129' title='bbox 1076 1179 1173 1225; x_wconf 81' lang='lat' dir='ltr'><strong>equis</strong></span> <span class='ocrx_word' id='word_1_130' title='bbox 1185 1178 1264 1213; x_wconf 88' lang='lat' dir='ltr'><strong>vehi</strong></span> <span class='ocrx_word' id='word_1_131' title='bbox 1279 1189 1420 1223; x_wconf 82' lang='lat' dir='ltr'><strong>semper</strong></span> <span class='ocrx_word' id='word_1_132' title='bbox 1432 1178 1546 1214; x_wconf 85' lang='lat' dir='ltr'><strong>videri</strong></span> <span class='ocrx_word' id='word_1_133' title='bbox 1558 1180 1700 1216; x_wconf 81' lang='lat' dir='ltr'><strong>volunt:</strong></span> 
     </span>
     <span class='ocr_line' id='line_1_17' title="bbox 229 1233 1703 1280; baseline 0.003 -15"><span class='ocrx_word' id='word_1_134' title='bbox 229 1233 467 1267; x_wconf 85' lang='lat' dir='ltr'><strong>accomodate</strong></span> <span class='ocrx_word' id='word_1_135' title='bbox 485 1233 531 1266; x_wconf 84' lang='lat' dir='ltr'>ad</span> <span class='ocrx_word' id='word_1_136' title='bbox 546 1236 705 1267; x_wconf 89' lang='lat' dir='ltr'><strong>mentem</strong></span> <span class='ocrx_word' id='word_1_137' title='bbox 732 1235 865 1277; x_wconf 74' lang='lat' dir='ltr'><strong>Lysiae,</strong></span> <span class='ocrx_word' id='word_1_138' title='bbox 888 1236 991 1279; x_wconf 88' lang='grc' dir='ltr'>μόναι</span> <span class='ocrx_word' id='word_1_139' title='bbox 1013 1235 1045 1268; x_wconf 80' lang='grc' dir='ltr'>δὲ</span> <span class='ocrx_word' id='word_1_140' title='bbox 1062 1235 1269 1279; x_wconf 78' lang='grc' dir='ltr'>ὡπλισμέναι</span> <span class='ocrx_word' id='word_1_141' title='bbox 1298 1235 1451 1279; x_wconf 77' lang='grc' dir='ltr'>σιδήρῳ</span> <span class='ocrx_word' id='word_1_142' title='bbox 1468 1239 1537 1269; x_wconf 86' lang='grc' dir='ltr'>τῶν</span> <span class='ocrx_word' id='word_1_143' title='bbox 1555 1237 1630 1280; x_wconf 82' lang='grc' dir='ltr'>περὶ</span> <span class='ocrx_word' id='word_1_144' title='bbox 1643 1237 1703 1269; x_wconf 85' lang='grc' dir='ltr'>αὐ-</span> 
     </span>
     <span class='ocr_line' id='line_1_18' title="bbox 229 1288 1702 1332; baseline 0.002 -13"><span class='ocrx_word' id='word_1_145' title='bbox 229 1288 303 1328; x_wconf 84' lang='grc' dir='ltr'>τὰς,</span> <span class='ocrx_word' id='word_1_146' title='bbox 324 1291 455 1331; x_wconf 84' lang='grc' dir='ltr'>πρῶται</span> <span class='ocrx_word' id='word_1_147' title='bbox 481 1288 513 1321; x_wconf 81' lang='grc' dir='ltr'>δὲ</span> <span class='ocrx_word' id='word_1_148' title='bbox 531 1288 672 1322; x_wconf 86' lang='grc' dir='ltr'>πάντων</span> <span class='ocrx_word' id='word_1_149' title='bbox 701 1289 746 1332; x_wconf 80' lang='grc' dir='ltr'>ἐφ’</span> <span class='ocrx_word' id='word_1_150' title='bbox 770 1288 929 1328; x_wconf 74' lang='grc' dir='ltr'>ἰ’ππους</span> <span class='ocrx_word' id='word_1_151' title='bbox 954 1289 1140 1331; x_wconf 79' lang='grc' dir='ltr'><em>ἀναβᾶσαι.</em></span> <span class='ocrx_word' id='word_1_152' title='bbox 1191 1288 1255 1321; x_wconf 72' lang='lat' dir='ltr'>Uti</span> <span class='ocrx_word' id='word_1_153' title='bbox 1272 1288 1537 1332; x_wconf 78' lang='lat' dir='ltr'><strong>Aristophanes</strong></span> <span class='ocrx_word' id='word_1_154' title='bbox 1551 1289 1702 1332; x_wconf 83' lang='lat' dir='ltr'><strong>Lysistr.</strong></span> 
     </span>
    </p>
   </div>
   <div class='ocr_carea' id='block_1_6' title="bbox 230 1341 313 1375">
    <p class='ocr_par' dir='ltr' id='par_1_6' title="bbox 230 1341 313 1375">
     <span class='ocr_line' id='line_1_19' title="bbox 230 1341 313 1375; baseline 0.024 -2"><span class='ocrx_word' id='word_1_155' title='bbox 230 1341 313 1375; x_wconf 87' lang='grc'><strong>677.</strong></span> 
     </span>
    </p>
   </div>
   <div class='ocr_carea' id='block_1_7' title="bbox 142 1390 1700 2875">
    <p class='ocr_par' dir='ltr' id='par_1_7' title="bbox 455 1390 1475 1435">
     <span class='ocr_line' id='line_1_20' title="bbox 455 1390 1475 1435; baseline 0 -12"><span class='ocrx_word' id='word_1_156' title='bbox 455 1390 527 1423; x_wconf 75' lang='lat' dir='ltr'>”Hv</span> <span class='ocrx_word' id='word_1_157' title='bbox 544 1390 571 1423; x_wconf 79' lang='grc' dir='ltr'>δ’</span> <span class='ocrx_word' id='word_1_158' title='bbox 588 1391 634 1434; x_wconf 82' lang='grc' dir='ltr'>ἐφ’</span> <span class='ocrx_word' id='word_1_159' title='bbox 651 1391 800 1432; x_wconf 84' lang='grc' dir='ltr'>ἱππικὴν</span> <span class='ocrx_word' id='word_1_160' title='bbox 814 1392 1023 1435; x_wconf 81' lang='grc' dir='ltr'>τράπωνται,</span> <span class='ocrx_word' id='word_1_161' title='bbox 1042 1390 1225 1435; x_wconf 80' lang='grc' dir='ltr'>διαγράψαι</span> <span class='ocrx_word' id='word_1_162' title='bbox 1242 1393 1321 1430; x_wconf 74' lang='grc' dir='ltr'>τοὺς</span> <span class='ocrx_word' id='word_1_163' title='bbox 1336 1390 1475 1430; x_wconf 77' lang='grc' dir='ltr'>ἱππέας·</span> 
     </span>
    </p>

    <p class='ocr_par' dir='ltr' id='par_1_8' title="bbox 461 1446 1302 1491">
     <span class='ocr_line' id='line_1_21' title="bbox 461 1446 1302 1491; baseline 0.001 -12"><span class='ocrx_word' id='word_1_164' title='bbox 461 1446 716 1480; x_wconf 83' lang='grc' dir='ltr'>Ἱππικώτατον</span> <span class='ocrx_word' id='word_1_165' title='bbox 728 1447 792 1491; x_wconf 85' lang='grc' dir='ltr'>γάρ</span> <span class='ocrx_word' id='word_1_166' title='bbox 810 1449 879 1480; x_wconf 80' lang='grc' dir='ltr'>ἐστι</span> <span class='ocrx_word' id='word_1_167' title='bbox 891 1450 1008 1491; x_wconf 87' lang='grc' dir='ltr'>χρῆμα</span> <span class='ocrx_word' id='word_1_168' title='bbox 1024 1446 1183 1491; x_wconf 79' lang='grc' dir='ltr'>κᾷποχον</span> <span class='ocrx_word' id='word_1_169' title='bbox 1199 1449 1302 1491; x_wconf 85' lang='grc' dir='ltr'>γυνὴ,</span> 
     </span>
    </p>

    <p class='ocr_par' dir='ltr' id='par_1_9' title="bbox 464 1500 1443 1546">
     <span class='ocr_line' id='line_1_22' title="bbox 464 1500 1443 1546; baseline 0.001 -13"><span class='ocrx_word' id='word_1_170' title='bbox 464 1501 556 1533; x_wconf 82' lang='grc' dir='ltr'>Κούκ</span> <span class='ocrx_word' id='word_1_171' title='bbox 567 1501 821 1534; x_wconf 79' lang='grc' dir='ltr'>ἁναπολεῖσθαι</span> <span class='ocrx_word' id='word_1_172' title='bbox 833 1501 874 1544; x_wconf 87' lang='lat' dir='ltr'>(l.</span> <span class='ocrx_word' id='word_1_173' title='bbox 892 1502 914 1533; x_wconf 80' lang='grc' dir='ltr'>ἀ</span> <span class='ocrx_word' id='word_1_174' title='bbox 926 1503 1007 1534; x_wconf 87' lang='grc' dir='ltr'>πολ</span> <span class='ocrx_word' id='word_1_175' title='bbox 1016 1503 1116 1535; x_wconf 65' lang='grc' dir='ltr'>ισὲα</span> <span class='ocrx_word' id='word_1_176' title='bbox 1126 1503 1136 1534; x_wconf 89' lang='grc' dir='ltr'>ί</span> <span class='ocrx_word' id='word_1_177' title='bbox 1147 1515 1188 1534; x_wconf 91' lang='grc' dir='ltr'>νε</span> <span class='ocrx_word' id='word_1_178' title='bbox 1197 1500 1223 1546; x_wconf 92' lang='grc' dir='ltr'>ι)</span> <span class='ocrx_word' id='word_1_179' title='bbox 1249 1501 1443 1545; x_wconf 80' lang='grc' dir='ltr'>τρέχοντος·</span> 
     </span>
    </p>

    <p class='ocr_par' dir='ltr' id='par_1_10' title="bbox 583 1555 1039 1598">
     <span class='ocr_line' id='line_1_23' title="bbox 583 1555 1039 1598; baseline 0.002 -10"><span class='ocrx_word' id='word_1_180' title='bbox 583 1556 645 1594; x_wconf 85' lang='grc' dir='ltr'>τὰς</span> <span class='ocrx_word' id='word_1_181' title='bbox 658 1555 685 1587; x_wconf 79' lang='grc' dir='ltr'>δ’</span> <span class='ocrx_word' id='word_1_182' title='bbox 700 1556 894 1598; x_wconf 79' lang='grc' dir='ltr'>Ἀμαζόνας</span> <span class='ocrx_word' id='word_1_183' title='bbox 909 1557 1039 1597; x_wconf 85' lang='grc' dir='ltr'>σκόπει,</span> 
     </span>
    </p>

    <p class='ocr_par' dir='ltr' id='par_1_11' title="bbox 225 1607 1700 1782">
     <span class='ocr_line' id='line_1_24' title="bbox 455 1607 1576 1656; baseline 0.003 -14"><span class='ocrx_word' id='word_1_184' title='bbox 455 1607 520 1648; x_wconf 69' lang='lat' dir='ltr'>“Ag</span> <span class='ocrx_word' id='word_1_185' title='bbox 538 1611 684 1643; x_wconf 84' lang='grc' dir='ltr'>Μίκων</span> <span class='ocrx_word' id='word_1_186' title='bbox 706 1610 846 1655; x_wconf 76' lang='grc' dir='ltr'>ἔγραψ’</span> <span class='ocrx_word' id='word_1_187' title='bbox 876 1611 927 1654; x_wconf 82' lang='grc' dir='ltr'>ἐφ’</span> <span class='ocrx_word' id='word_1_188' title='bbox 951 1609 1098 1644; x_wconf 84' lang='grc' dir='ltr'>ἰ’ππων</span> <span class='ocrx_word' id='word_1_189' title='bbox 1121 1610 1318 1654; x_wconf 77' lang='grc' dir='ltr'>μαχομένας</span> <span class='ocrx_word' id='word_1_190' title='bbox 1334 1614 1406 1650; x_wconf 88' lang='grc' dir='ltr'>τοῖς</span> <span class='ocrx_word' id='word_1_191' title='bbox 1421 1610 1576 1656; x_wconf 75' lang='grc' dir='ltr'>ἀνδράσι.</span> 
     </span>
     <span class='ocr_line' id='line_1_25' title="bbox 225 1675 1700 1724; baseline 0.006 -15"><span class='ocrx_word' id='word_1_192' title='bbox 225 1675 301 1710; x_wconf 85' lang='lat' dir='ltr'>Hic</span> <span class='ocrx_word' id='word_1_193' title='bbox 319 1675 491 1711; x_wconf 84' lang='lat' dir='ltr'><strong>libentius</strong></span> <span class='ocrx_word' id='word_1_194' title='bbox 505 1678 689 1718; x_wconf 88' lang='lat' dir='ltr'><strong>adderem,</strong></span> <span class='ocrx_word' id='word_1_195' title='bbox 706 1682 885 1724; x_wconf 82' lang='lat' dir='ltr'><strong>quantum</strong></span> <span class='ocrx_word' id='word_1_196' title='bbox 908 1680 999 1714; x_wconf 84' lang='lat' dir='ltr'><strong>lucis</strong></span> <span class='ocrx_word' id='word_1_197' title='bbox 1015 1681 1137 1724; x_wconf 86' lang='lat' dir='ltr'><strong>imago</strong></span> <span class='ocrx_word' id='word_1_198' title='bbox 1153 1681 1215 1714; x_wconf 88' lang='lat' dir='ltr'><strong>illa</strong></span> <span class='ocrx_word' id='word_1_199' title='bbox 1232 1681 1328 1724; x_wconf 90' lang='lat' dir='ltr'><strong>apud</strong></span> <span class='ocrx_word' id='word_1_200' title='bbox 1349 1681 1516 1714; x_wconf 83' lang='lat' dir='ltr'><strong>Lieetum</strong></span> <span class='ocrx_word' id='word_1_201' title='bbox 1535 1682 1700 1718; x_wconf 81' lang='lat' dir='ltr'><strong>affundat</strong></span> 
     </span>
     <span class='ocr_line' id='line_1_26' title="bbox 225 1729 1698 1782; baseline 0.005 -18"><span class='ocrx_word' id='word_1_202' title='bbox 225 1729 412 1766; x_wconf 72' lang='lat' dir='ltr'><strong>Plutarchi</strong></span> <span class='ocrx_word' id='word_1_203' title='bbox 430 1733 549 1767; x_wconf 83' lang='lat' dir='ltr'><strong>verbis</strong></span> <span class='ocrx_word' id='word_1_204' title='bbox 573 1734 610 1767; x_wconf 84' lang='lat' dir='ltr'>in</span> <span class='ocrx_word' id='word_1_205' title='bbox 631 1734 793 1768; x_wconf 85' lang='lat' dir='ltr'><strong>Theseo:</strong></span> <span class='ocrx_word' id='word_1_206' title='bbox 819 1736 856 1768; x_wconf 70' lang='grc' dir='ltr'>Ὀ</span> <span class='ocrx_word' id='word_1_207' title='bbox 875 1735 907 1768; x_wconf 88' lang='grc' dir='ltr'>δὲ</span> <span class='ocrx_word' id='word_1_208' title='bbox 924 1738 1043 1780; x_wconf 77' lang='grc' dir='ltr'>Δοῦρις</span> <span class='ocrx_word' id='word_1_209' title='bbox 1059 1737 1098 1769; x_wconf 79' lang='grc' dir='ltr'>οὐ</span> <span class='ocrx_word' id='word_1_210' title='bbox 1121 1738 1276 1779; x_wconf 85' lang='grc' dir='ltr'>ποταμὸν</span> <span class='ocrx_word' id='word_1_211' title='bbox 1294 1733 1383 1768; x_wconf 78' lang='grc' dir='ltr'>εἶναί</span> <span class='ocrx_word' id='word_1_212' title='bbox 1399 1742 1478 1778; x_wconf 87' lang='grc' dir='ltr'>φησι</span> <span class='ocrx_word' id='word_1_213' title='bbox 1490 1738 1552 1770; x_wconf 88' lang='grc' dir='ltr'>τὸν</span> <span class='ocrx_word' id='word_1_214' title='bbox 1568 1740 1698 1782; x_wconf 83' lang='grc' dir='ltr'>Θερμώ-</span> 
     </span>
    </p>

    <p class='ocr_par' dir='ltr' id='par_1_12' title="bbox 142 1786 1697 1836">
     <span class='ocr_line' id='line_1_27' title="bbox 142 1786 1697 1836; baseline 0.005 -17"><span class='ocrx_word' id='word_1_215' title='bbox 142 1790 205 1820; x_wconf 83' lang='grc'>687</span> <span class='ocrx_word' id='word_1_216' title='bbox 224 1786 339 1829; x_wconf 87' lang='grc' dir='ltr'>δοντα,</span> <span class='ocrx_word' id='word_1_217' title='bbox 357 1787 438 1820; x_wconf 84' lang='grc' dir='ltr'>ἀλλ’</span> <span class='ocrx_word' id='word_1_218' title='bbox 455 1788 620 1829; x_wconf 78' lang='grc' dir='ltr'>ἱστάντας</span> <span class='ocrx_word' id='word_1_219' title='bbox 636 1792 733 1829; x_wconf 84' lang='grc' dir='ltr'>τινὰς</span> <span class='ocrx_word' id='word_1_220' title='bbox 757 1793 890 1831; x_wconf 85' lang='grc' dir='ltr'>σκηνὴν</span> <span class='ocrx_word' id='word_1_221' title='bbox 913 1792 965 1823; x_wconf 78' lang='grc' dir='ltr'>καὶ</span> <span class='ocrx_word' id='word_1_222' title='bbox 985 1791 1281 1833; x_wconf 78' lang='grc' dir='ltr'>περιορύττοντας,</span> <span class='ocrx_word' id='word_1_223' title='bbox 1300 1789 1574 1832; x_wconf 83' lang='grc' dir='ltr'>ἀνδριαντίσκιον</span> <span class='ocrx_word' id='word_1_224' title='bbox 1588 1793 1697 1836; x_wconf 82' lang='grc' dir='ltr'>εὑρεῖν</span> 
     </span>
    </p>

    <p class='ocr_par' dir='ltr' id='par_1_13' title="bbox 212 1843 1696 2875">
     <span class='ocr_line' id='line_1_28' title="bbox 221 1843 1695 1891; baseline 0.003 -17"><span class='ocrx_word' id='word_1_225' title='bbox 221 1843 367 1884; x_wconf 82' lang='grc' dir='ltr'>λίθινον,</span> <span class='ocrx_word' id='word_1_226' title='bbox 380 1843 449 1876; x_wconf 87' lang='grc' dir='ltr'>ὑπὸ</span> <span class='ocrx_word' id='word_1_227' title='bbox 466 1844 673 1887; x_wconf 84' lang='grc' dir='ltr'>γραμμάτων</span> <span class='ocrx_word' id='word_1_228' title='bbox 691 1849 794 1877; x_wconf 85' lang='grc' dir='ltr'>τινῶν</span> <span class='ocrx_word' id='word_1_229' title='bbox 812 1845 1129 1888; x_wconf 84' lang='grc' dir='ltr'>διασημαινόμενον,</span> <span class='ocrx_word' id='word_1_230' title='bbox 1146 1844 1191 1882; x_wconf 91' lang='grc' dir='ltr'>ὡς</span> <span class='ocrx_word' id='word_1_231' title='bbox 1213 1844 1262 1885; x_wconf 80' lang='grc' dir='ltr'>ε’ίη</span> <span class='ocrx_word' id='word_1_232' title='bbox 1280 1843 1461 1886; x_wconf 81' lang='grc' dir='ltr'>Θερμώδων</span> <span class='ocrx_word' id='word_1_233' title='bbox 1475 1844 1515 1877; x_wconf 79' lang='grc' dir='ltr'>ἒν</span> <span class='ocrx_word' id='word_1_234' title='bbox 1531 1849 1608 1884; x_wconf 85' lang='grc' dir='ltr'>ταῖς</span> <span class='ocrx_word' id='word_1_235' title='bbox 1632 1848 1695 1891; x_wconf 81' lang='grc' dir='ltr'>ἀγ-</span> 
     </span>
     <span class='ocr_line' id='line_1_29' title="bbox 221 1896 1696 1943; baseline 0.005 -15"><span class='ocrx_word' id='word_1_236' title='bbox 221 1896 528 1941; x_wconf 81' lang='grc' dir='ltr'>κάλαιςἈμαζόνα</span> <span class='ocrx_word' id='word_1_237' title='bbox 544 1898 651 1942; x_wconf 76' lang='grc' dir='ltr'>φέρων</span> <span class='ocrx_word' id='word_1_238' title='bbox 663 1899 893 1943; x_wconf 74' lang='grc' dir='ltr'>τετρωμένηνε</span> <span class='ocrx_word' id='word_1_239' title='bbox 923 1901 1102 1941; x_wconf 88' lang='lat' dir='ltr'><strong>quantum</strong></span> <span class='ocrx_word' id='word_1_240' title='bbox 1117 1897 1242 1930; x_wconf 87' lang='lat' dir='ltr'><strong>tabula</strong></span> <span class='ocrx_word' id='word_1_241' title='bbox 1259 1897 1463 1940; x_wconf 84' lang='lat' dir='ltr'><strong>Begeriana</strong></span> <span class='ocrx_word' id='word_1_242' title='bbox 1480 1897 1619 1942; x_wconf 85' lang='lat' dir='ltr'><strong>Lysiae:</strong></span> <span class='ocrx_word' id='word_1_243' title='bbox 1644 1899 1696 1942; x_wconf 77' lang='grc' dir='ltr'>οἶς</span> 
     </span>
     <span class='ocr_line' id='line_1_30' title="bbox 222 1947 1696 1997; baseline 0.003 -14"><span class='ocrx_word' id='word_1_244' title='bbox 222 1947 359 1997; x_wconf 89' lang='lat' dir='ltr'><strong>[equis]</strong></span> <span class='ocrx_word' id='word_1_245' title='bbox 376 1952 603 1992; x_wconf 82' lang='grc' dir='ltr'>ἀνελπίστως,</span> <span class='ocrx_word' id='word_1_246' title='bbox 616 1953 655 1985; x_wconf 88' lang='grc' dir='ltr'>δι’</span> <span class='ocrx_word' id='word_1_247' title='bbox 673 1953 833 1997; x_wconf 84' lang='grc' dir='ltr'>ἀπειρίαν</span> <span class='ocrx_word' id='word_1_248' title='bbox 850 1957 918 1986; x_wconf 85' lang='grc' dir='ltr'>τῶν</span> <span class='ocrx_word' id='word_1_249' title='bbox 933 1954 1097 1986; x_wconf 80' lang='grc' dir='ltr'>ἐναντίων</span> <span class='ocrx_word' id='word_1_250' title='bbox 1110 1952 1214 1996; x_wconf 69' lang='grc' dir='ltr'>ᾕρουν</span> <span class='ocrx_word' id='word_1_251' title='bbox 1223 1955 1285 1996; x_wconf 84' lang='grc' dir='ltr'>μὲν</span> <span class='ocrx_word' id='word_1_252' title='bbox 1300 1954 1377 1992; x_wconf 82' lang='grc' dir='ltr'>τοὺς</span> <span class='ocrx_word' id='word_1_253' title='bbox 1392 1952 1591 1996; x_wconf 82' lang='grc' dir='ltr'>φεύγοντας,</span> <span class='ocrx_word' id='word_1_254' title='bbox 1609 1955 1696 1989; x_wconf 77' lang='grc' dir='ltr'>ἀπέ-</span> 
     </span>
     <span class='ocr_line' id='line_1_31' title="bbox 220 2005 1694 2053; baseline 0.005 -17"><span class='ocrx_word' id='word_1_255' title='bbox 220 2005 341 2038; x_wconf 83' lang='grc' dir='ltr'>λειπον</span> <span class='ocrx_word' id='word_1_256' title='bbox 369 2006 402 2038; x_wconf 83' lang='grc' dir='ltr'>δὲ</span> <span class='ocrx_word' id='word_1_257' title='bbox 420 2008 498 2046; x_wconf 84' lang='grc' dir='ltr'>τοὺς</span> <span class='ocrx_word' id='word_1_258' title='bbox 515 2006 706 2047; x_wconf 79' lang='grc' dir='ltr'>διώκοντας.</span> <span class='ocrx_word' id='word_1_259' title='bbox 756 2007 876 2040; x_wconf 89' lang='lat' dir='ltr'><strong>Nemo</strong></span> <span class='ocrx_word' id='word_1_260' title='bbox 900 2007 974 2041; x_wconf 89' lang='lat' dir='ltr'><strong>fere</strong></span> <span class='ocrx_word' id='word_1_261' title='bbox 1003 2006 1048 2040; x_wconf 89' lang='lat' dir='ltr'>ad</span> <span class='ocrx_word' id='word_1_262' title='bbox 1066 2007 1212 2040; x_wconf 87' lang='lat' dir='ltr'><strong>laudem</strong></span> <span class='ocrx_word' id='word_1_263' title='bbox 1230 2006 1508 2040; x_wconf 83' lang='lat' dir='ltr'><strong>Atheniensium</strong></span> <span class='ocrx_word' id='word_1_264' title='bbox 1531 2009 1694 2053; x_wconf 83' lang='lat' dir='ltr'><strong>accessit,</strong></span> 
     </span>
     <span class='ocr_line' id='line_1_32' title="bbox 223 2059 1694 2106; baseline 0.003 -13"><span class='ocrx_word' id='word_1_265' title='bbox 223 2059 287 2103; x_wconf 90' lang='lat' dir='ltr'>qui</span> <span class='ocrx_word' id='word_1_266' title='bbox 315 2060 449 2094; x_wconf 84' lang='lat' dir='ltr'><strong>bellum</strong></span> <span class='ocrx_word' id='word_1_267' title='bbox 467 2061 731 2095; x_wconf 85' lang='lat' dir='ltr'><strong>Amazonicum</strong></span> <span class='ocrx_word' id='word_1_268' title='bbox 749 2073 877 2106; x_wconf 84' lang='lat' dir='ltr'><strong>rosque</strong></span> <span class='ocrx_word' id='word_1_269' title='bbox 896 2062 941 2096; x_wconf 87' lang='lat' dir='ltr'>ab</span> <span class='ocrx_word' id='word_1_270' title='bbox 965 2060 1251 2095; x_wconf 88' lang='lat' dir='ltr'><strong>Atheniensibus</strong></span> <span class='ocrx_word' id='word_1_271' title='bbox 1266 2061 1440 2104; x_wconf 85' lang='lat' dir='ltr'><strong>praeclare</strong></span> <span class='ocrx_word' id='word_1_272' title='bbox 1458 2061 1494 2094; x_wconf 90' lang='lat' dir='ltr'>in</span> <span class='ocrx_word' id='word_1_273' title='bbox 1513 2072 1556 2095; x_wconf 89' lang='lat' dir='ltr'><strong>eo</strong></span> <span class='ocrx_word' id='word_1_274' title='bbox 1572 2065 1694 2106; x_wconf 83' lang='lat' dir='ltr'><strong>gestas</strong></span> 
     </span>
     <span class='ocr_line' id='line_1_33' title="bbox 222 2114 1691 2161; baseline 0.003 -14"><span class='ocrx_word' id='word_1_275' title='bbox 222 2114 476 2149; x_wconf 85' lang='lat' dir='ltr'><strong>dissimulavit.</strong></span> <span class='ocrx_word' id='word_1_276' title='bbox 520 2117 618 2149; x_wconf 82' lang='grc' dir='ltr'>Ἔστι</span> <span class='ocrx_word' id='word_1_277' title='bbox 634 2117 666 2150; x_wconf 76' lang='grc' dir='ltr'>δὲ</span> <span class='ocrx_word' id='word_1_278' title='bbox 681 2117 763 2160; x_wconf 82' lang='grc' dir='ltr'>ἡμῖν</span> <span class='ocrx_word' id='word_1_279' title='bbox 779 2117 915 2161; x_wconf 85' lang='lat' dir='ltr'><strong>(inquit</strong></span> <span class='ocrx_word' id='word_1_280' title='bbox 937 2117 1013 2150; x_wconf 88' lang='lat' dir='ltr'><strong>dux</strong></span> <span class='ocrx_word' id='word_1_281' title='bbox 1032 2116 1137 2150; x_wconf 86' lang='lat' dir='ltr'><strong>istius</strong></span> <span class='ocrx_word' id='word_1_282' title='bbox 1153 2116 1271 2159; x_wconf 84' lang='lat' dir='ltr'><strong>gentis</strong></span> <span class='ocrx_word' id='word_1_283' title='bbox 1288 2115 1385 2159; x_wconf 88' lang='lat' dir='ltr'><strong>apud</strong></span> <span class='ocrx_word' id='word_1_284' title='bbox 1404 2115 1584 2150; x_wconf 87' lang='lat' dir='ltr'><strong>Herodot.</strong></span> <span class='ocrx_word' id='word_1_285' title='bbox 1605 2117 1691 2151; x_wconf 86' lang='lat' dir='ltr'><strong>Cal-</strong></span> 
     </span>
     <span class='ocr_line' id='line_1_34' title="bbox 221 2168 1692 2217; baseline 0.002 -14"><span class='ocrx_word' id='word_1_286' title='bbox 221 2168 305 2213; x_wconf 87' lang='lat' dir='ltr'><strong>liOp.</strong></span> <span class='ocrx_word' id='word_1_287' title='bbox 324 2169 398 2212; x_wconf 85' lang='lat'><strong>27.)</strong></span> <span class='ocrx_word' id='word_1_288' title='bbox 423 2170 524 2215; x_wconf 84' lang='grc' dir='ltr'>ἔργον</span> <span class='ocrx_word' id='word_1_289' title='bbox 539 2168 575 2204; x_wconf 82' lang='grc' dir='ltr'>εὗ</span> <span class='ocrx_word' id='word_1_290' title='bbox 587 2171 669 2214; x_wconf 82' lang='grc' dir='ltr'>ἔχον</span> <span class='ocrx_word' id='word_1_291' title='bbox 687 2173 739 2204; x_wconf 80' lang='grc' dir='ltr'>καὶ</span> <span class='ocrx_word' id='word_1_292' title='bbox 758 2172 791 2209; x_wconf 81' lang='grc' dir='ltr'>ἐς</span> <span class='ocrx_word' id='word_1_293' title='bbox 815 2171 1040 2214; x_wconf 79' lang='grc' dir='ltr'>Ἀμαζονίδας</span> <span class='ocrx_word' id='word_1_294' title='bbox 1071 2172 1143 2209; x_wconf 85' lang='grc' dir='ltr'>τὰς</span> <span class='ocrx_word' id='word_1_295' title='bbox 1171 2170 1192 2202; x_wconf 80' lang='grc' dir='ltr'>ά</span> <span class='ocrx_word' id='word_1_296' title='bbox 1205 2170 1397 2209; x_wconf 82' lang='grc' dir='ltr'>ποθὴκας</span> <span class='ocrx_word' id='word_1_297' title='bbox 1430 2172 1491 2210; x_wconf 86' lang='grc' dir='ltr'>τὰς</span> <span class='ocrx_word' id='word_1_298' title='bbox 1516 2171 1586 2205; x_wconf 84' lang='grc' dir='ltr'>ἀπὸ</span> <span class='ocrx_word' id='word_1_299' title='bbox 1612 2176 1692 2217; x_wconf 87' lang='grc' dir='ltr'>Θερ-</span> 
     </span>
     <span class='ocr_line' id='line_1_35' title="bbox 220 2224 1690 2271; baseline 0.003 -15"><span class='ocrx_word' id='word_1_300' title='bbox 220 2224 390 2267; x_wconf 85' lang='grc' dir='ltr'>μώδοντος</span> <span class='ocrx_word' id='word_1_301' title='bbox 415 2228 570 2270; x_wconf 79' lang='grc' dir='ltr'>ποταμοῦ</span> <span class='ocrx_word' id='word_1_302' title='bbox 596 2226 811 2268; x_wconf 78' lang='grc' dir='ltr'>ἐσβαλούσας</span> <span class='ocrx_word' id='word_1_303' title='bbox 826 2228 898 2260; x_wconf 85' lang='grc' dir='ltr'>κοτὲ</span> <span class='ocrx_word' id='word_1_304' title='bbox 923 2227 956 2265; x_wconf 76' lang='grc' dir='ltr'>ἐς</span> <span class='ocrx_word' id='word_1_305' title='bbox 978 2228 1047 2270; x_wconf 84' lang='grc' dir='ltr'>γῆν</span> <span class='ocrx_word' id='word_1_306' title='bbox 1070 2229 1136 2266; x_wconf 85' lang='grc' dir='ltr'>τὴν</span> <span class='ocrx_word' id='word_1_307' title='bbox 1153 2225 1327 2265; x_wconf 82' lang='grc' dir='ltr'>Ἀττικὴν.</span> <span class='ocrx_word' id='word_1_308' title='bbox 1379 2224 1636 2271; x_wconf 84' lang='lat' dir='ltr'><strong>Quodcunque</strong></span> <span class='ocrx_word' id='word_1_309' title='bbox 1653 2227 1690 2261; x_wconf 83' lang='lat' dir='ltr'>in</span> 
     </span>
     <span class='ocr_line' id='line_1_36' title="bbox 221 2278 1685 2323; baseline 0.003 -13"><span class='ocrx_word' id='word_1_310' title='bbox 221 2279 570 2323; x_wconf 87' lang='lat' dir='ltr'><strong>corruptissimaista</strong></span> <span class='ocrx_word' id='word_1_311' title='bbox 586 2290 675 2314; x_wconf 89' lang='lat' dir='ltr'><strong>voce</strong></span> <span class='ocrx_word' id='word_1_312' title='bbox 693 2281 871 2321; x_wconf 78' lang='grc' dir='ltr'>ἀποθήκας</span> <span class='ocrx_word' id='word_1_313' title='bbox 883 2280 982 2322; x_wconf 82' lang='lat' dir='ltr'><strong>latet,</strong></span> <span class='ocrx_word' id='word_1_314' title='bbox 999 2278 1172 2313; x_wconf 87' lang='lat' dir='ltr'><strong>Gronovii</strong></span> <span class='ocrx_word' id='word_1_315' title='bbox 1189 2282 1286 2312; x_wconf 83' lang='lat' dir='ltr'><strong>certe</strong></span> <span class='ocrx_word' id='word_1_316' title='bbox 1300 2281 1337 2312; x_wconf 90' lang='grc' dir='ltr'>τὸ</span> <span class='ocrx_word' id='word_1_317' title='bbox 1350 2279 1531 2320; x_wconf 81' lang='grc' dir='ltr'>ἀποθήτας</span> <span class='ocrx_word' id='word_1_318' title='bbox 1544 2290 1614 2313; x_wconf 91' lang='lat' dir='ltr'>non</span> <span class='ocrx_word' id='word_1_319' title='bbox 1633 2281 1685 2315; x_wconf 88' lang='lat' dir='ltr'>la-</span> 
     </span>
     <span class='ocr_line' id='line_1_37' title="bbox 222 2333 1689 2378; baseline 0.003 -13"><span class='ocrx_word' id='word_1_320' title='bbox 222 2334 286 2366; x_wconf 85' lang='lat' dir='ltr'><strong>tet.</strong></span> <span class='ocrx_word' id='word_1_321' title='bbox 336 2334 412 2368; x_wconf 89' lang='lat' dir='ltr'>Diu</span> <span class='ocrx_word' id='word_1_322' title='bbox 428 2334 480 2368; x_wconf 86' lang='lat' dir='ltr'>fui</span> <span class='ocrx_word' id='word_1_323' title='bbox 496 2334 533 2368; x_wconf 95' lang='lat' dir='ltr'>in</span> <span class='ocrx_word' id='word_1_324' title='bbox 551 2346 595 2368; x_wconf 86' lang='lat' dir='ltr'><strong>ea</strong></span> <span class='ocrx_word' id='word_1_325' title='bbox 611 2336 804 2377; x_wconf 80' lang='lat' dir='ltr'><strong>sententia,</strong></span> <span class='ocrx_word' id='word_1_326' title='bbox 823 2338 863 2368; x_wconf 90' lang='lat' dir='ltr'>ut</span> <span class='ocrx_word' id='word_1_327' title='bbox 880 2335 1001 2368; x_wconf 85' lang='lat' dir='ltr'><strong>locum</strong></span> <span class='ocrx_word' id='word_1_328' title='bbox 1017 2334 1069 2367; x_wconf 84' lang='lat' dir='ltr'>ita</span> <span class='ocrx_word' id='word_1_329' title='bbox 1090 2333 1379 2368; x_wconf 86' lang='lat' dir='ltr'><strong>restitueremus:</strong></span> <span class='ocrx_word' id='word_1_330' title='bbox 1403 2335 1437 2373; x_wconf 79' lang='grc' dir='ltr'>ἐς</span> <span class='ocrx_word' id='word_1_331' title='bbox 1462 2334 1689 2378; x_wconf 80' lang='grc' dir='ltr'>Ἀμαζονίδας</span> 
     </span>
     <span class='ocr_line' id='line_1_38' title="bbox 220 2389 1687 2436; baseline 0.003 -16"><span class='ocrx_word' id='word_1_332' title='bbox 220 2390 283 2428; x_wconf 85' lang='grc' dir='ltr'>τὰς</span> <span class='ocrx_word' id='word_1_333' title='bbox 307 2389 329 2421; x_wconf 87' lang='grc' dir='ltr'>ἀ</span> <span class='ocrx_word' id='word_1_334' title='bbox 341 2392 394 2423; x_wconf 87' lang='grc' dir='ltr'>πὸ</span> <span class='ocrx_word' id='word_1_335' title='bbox 427 2391 608 2434; x_wconf 87' lang='grc' dir='ltr'>Θεμισκύ</span> <span class='ocrx_word' id='word_1_336' title='bbox 619 2404 665 2436; x_wconf 89' lang='grc' dir='ltr'>ρα</span> <span class='ocrx_word' id='word_1_337' title='bbox 676 2405 693 2430; x_wconf 86' lang='grc' dir='ltr'>ς</span> <span class='ocrx_word' id='word_1_338' title='bbox 727 2393 775 2430; x_wconf 87' lang='grc' dir='ltr'>τῆ</span> <span class='ocrx_word' id='word_1_339' title='bbox 788 2405 804 2430; x_wconf 89' lang='grc' dir='ltr'>ς</span> <span class='ocrx_word' id='word_1_340' title='bbox 844 2391 913 2423; x_wconf 81' lang='grc' dir='ltr'>ἐπὶ</span> <span class='ocrx_word' id='word_1_341' title='bbox 939 2389 1172 2434; x_wconf 85' lang='grc' dir='ltr'>Θερμώδοντος</span> <span class='ocrx_word' id='word_1_342' title='bbox 1193 2391 1346 2432; x_wconf 83' lang='grc' dir='ltr'>ποταμοῦ</span> <span class='ocrx_word' id='word_1_343' title='bbox 1373 2389 1588 2431; x_wconf 79' lang='grc' dir='ltr'>ἐσβαλούσας</span> <span class='ocrx_word' id='word_1_344' title='bbox 1614 2393 1687 2424; x_wconf 87' lang='grc' dir='ltr'>κοτὲ</span> 
     </span>
     <span class='ocr_line' id='line_1_39' title="bbox 219 2443 1689 2490; baseline 0.003 -15"><span class='ocrx_word' id='word_1_345' title='bbox 219 2443 253 2482; x_wconf 78' lang='grc' dir='ltr'>ἐς</span> <span class='ocrx_word' id='word_1_346' title='bbox 267 2446 336 2487; x_wconf 80' lang='grc' dir='ltr'>γῆν</span> <span class='ocrx_word' id='word_1_347' title='bbox 351 2447 417 2485; x_wconf 88' lang='grc' dir='ltr'>τήν</span> <span class='ocrx_word' id='word_1_348' title='bbox 432 2446 604 2486; x_wconf 82' lang='grc' dir='ltr'>Ἀττικὴν.</span> <span class='ocrx_word' id='word_1_349' title='bbox 657 2446 750 2478; x_wconf 79' lang='lat' dir='ltr'>Nam</span> <span class='ocrx_word' id='word_1_350' title='bbox 778 2445 989 2479; x_wconf 86' lang='lat' dir='ltr'><strong>Herodotus</strong></span> <span class='ocrx_word' id='word_1_351' title='bbox 1016 2445 1091 2488; x_wconf 78' lang='lat' dir='ltr'><strong>ipse</strong></span> <span class='ocrx_word' id='word_1_352' title='bbox 1122 2444 1298 2488; x_wconf 80' lang='lat' dir='ltr'><strong>Melpom.</strong></span> <span class='ocrx_word' id='word_1_353' title='bbox 1325 2445 1383 2477; x_wconf 85' lang='grc'>86.</span> <span class='ocrx_word' id='word_1_354' title='bbox 1432 2443 1489 2483; x_wconf 81' lang='grc' dir='ltr'>Ἐς</span> <span class='ocrx_word' id='word_1_355' title='bbox 1515 2444 1547 2477; x_wconf 86' lang='grc' dir='ltr'>δὲ</span> <span class='ocrx_word' id='word_1_356' title='bbox 1574 2450 1689 2490; x_wconf 84' lang='grc' dir='ltr'>Θεμι-</span> 
     </span>
     <span class='ocr_line' id='line_1_40' title="bbox 219 2498 1687 2544; baseline 0.002 -13"><span class='ocrx_word' id='word_1_357' title='bbox 219 2499 379 2543; x_wconf 79' lang='grc' dir='ltr'>σκύραν</span> <span class='ocrx_word' id='word_1_358' title='bbox 405 2502 453 2541; x_wconf 82' lang='grc' dir='ltr'>τὴ</span> <span class='ocrx_word' id='word_1_359' title='bbox 464 2514 485 2533; x_wconf 94' lang='grc' dir='ltr'>ν</span> <span class='ocrx_word' id='word_1_360' title='bbox 509 2501 579 2533; x_wconf 76' lang='grc' dir='ltr'>ἐπὶ</span> <span class='ocrx_word' id='word_1_361' title='bbox 613 2500 818 2544; x_wconf 86' lang='grc' dir='ltr'>Θερμώδοντι</span> <span class='ocrx_word' id='word_1_362' title='bbox 841 2502 985 2544; x_wconf 73' lang='grc' dir='ltr'>ποταμῷ</span> <span class='ocrx_word' id='word_1_363' title='bbox 1009 2501 1044 2532; x_wconf 80' lang='grc' dir='ltr'>ἐκ</span> <span class='ocrx_word' id='word_1_364' title='bbox 1070 2503 1133 2539; x_wconf 86' lang='grc' dir='ltr'>τῆς</span> <span class='ocrx_word' id='word_1_365' title='bbox 1147 2499 1293 2538; x_wconf 85' lang='grc' dir='ltr'>Ἰνδικῆς</span> <span class='ocrx_word' id='word_1_366' title='bbox 1308 2516 1355 2522; x_wconf 93' lang='lat'>—</span> <span class='ocrx_word' id='word_1_367' title='bbox 1371 2501 1473 2541; x_wconf 82' lang='grc' dir='ltr'>τριῶν</span> <span class='ocrx_word' id='word_1_368' title='bbox 1490 2511 1524 2532; x_wconf 89' lang='grc' dir='ltr'>τε</span> <span class='ocrx_word' id='word_1_369' title='bbox 1539 2498 1687 2544; x_wconf 80' lang='grc' dir='ltr'>ἡμερέων</span> 
     </span>
     <span class='ocr_line' id='line_1_41' title="bbox 218 2553 1695 2599; baseline 0.002 -13"><span class='ocrx_word' id='word_1_370' title='bbox 218 2555 272 2587; x_wconf 81' lang='grc' dir='ltr'>καὶ</span> <span class='ocrx_word' id='word_1_371' title='bbox 299 2555 356 2587; x_wconf 90' lang='grc' dir='ltr'>δύο</span> <span class='ocrx_word' id='word_1_372' title='bbox 384 2559 517 2589; x_wconf 85' lang='grc' dir='ltr'>νυκτῶν</span> <span class='ocrx_word' id='word_1_373' title='bbox 545 2557 667 2588; x_wconf 88' lang='grc' dir='ltr'>πλόον.</span> <span class='ocrx_word' id='word_1_374' title='bbox 709 2555 838 2588; x_wconf 81' lang='lat' dir='ltr'><strong>Strabo</strong></span> <span class='ocrx_word' id='word_1_375' title='bbox 866 2566 1013 2599; x_wconf 83' lang='lat' dir='ltr'><strong>quoque</strong></span> <span class='ocrx_word' id='word_1_376' title='bbox 1042 2555 1064 2587; x_wconf 91' lang='lat' dir='ltr'>l.</span> <span class='ocrx_word' id='word_1_377' title='bbox 1086 2556 1142 2587; x_wconf 83' lang='lat' dir='ltr'>ll.</span> <span class='ocrx_word' id='word_1_378' title='bbox 1180 2557 1252 2594; x_wconf 83' lang='grc' dir='ltr'>Τήν</span> <span class='ocrx_word' id='word_1_379' title='bbox 1277 2553 1309 2585; x_wconf 86' lang='grc' dir='ltr'>δὲ</span> <span class='ocrx_word' id='word_1_380' title='bbox 1336 2554 1600 2598; x_wconf 82' lang='grc' dir='ltr'>Θεμισκῦραν</span> <span class='ocrx_word' id='word_1_381' title='bbox 1632 2558 1695 2589; x_wconf 33' lang='grc' dir='ltr'>καὶ.</span> 
     </span>
     <span class='ocr_line' id='line_1_42' title="bbox 218 2607 1686 2655; baseline 0.001 -13"><span class='ocrx_word' id='word_1_382' title='bbox 218 2611 260 2643; x_wconf 85' lang='grc' dir='ltr'>τὰ</span> <span class='ocrx_word' id='word_1_383' title='bbox 278 2612 352 2655; x_wconf 80' lang='grc' dir='ltr'>περὶ</span> <span class='ocrx_word' id='word_1_384' title='bbox 369 2613 430 2644; x_wconf 91' lang='grc' dir='ltr'>τὸν</span> <span class='ocrx_word' id='word_1_385' title='bbox 442 2611 661 2655; x_wconf 86' lang='grc' dir='ltr'>Θερμώδοντα</span> <span class='ocrx_word' id='word_1_386' title='bbox 672 2611 783 2651; x_wconf 84' lang='grc' dir='ltr'>πεδία,</span> <span class='ocrx_word' id='word_1_387' title='bbox 802 2613 854 2643; x_wconf 82' lang='grc' dir='ltr'>καὶ</span> <span class='ocrx_word' id='word_1_388' title='bbox 871 2613 913 2643; x_wconf 87' lang='grc' dir='ltr'>τὰ</span> <span class='ocrx_word' id='word_1_389' title='bbox 935 2611 1152 2654; x_wconf 82' lang='grc' dir='ltr'>ὑπερκείμενα</span> <span class='ocrx_word' id='word_1_390' title='bbox 1175 2610 1234 2652; x_wconf 82' lang='grc' dir='ltr'>ὄρη</span> <span class='ocrx_word' id='word_1_391' title='bbox 1260 2609 1415 2646; x_wconf 79' lang='grc' dir='ltr'>ἅπαντες</span> <span class='ocrx_word' id='word_1_392' title='bbox 1436 2607 1686 2652; x_wconf 81' lang='grc' dir='ltr'>Ἀμαζόνων</span> 
     </span>
     <span class='ocr_line' id='line_1_43' title="bbox 215 2663 1684 2708; baseline 0.001 -11"><span class='ocrx_word' id='word_1_393' title='bbox 215 2666 365 2699; x_wconf 80' lang='grc' dir='ltr'>καλοῦσι.</span> <span class='ocrx_word' id='word_1_394' title='bbox 405 2665 606 2699; x_wconf 84' lang='lat' dir='ltr'><strong>Pausanias</strong></span> <span class='ocrx_word' id='word_1_395' title='bbox 622 2664 736 2698; x_wconf 83' lang='lat' dir='ltr'><strong>Attio.</strong></span> <span class='ocrx_word' id='word_1_396' title='bbox 751 2675 783 2697; x_wconf 89' lang='lat' dir='ltr'>c.</span> <span class='ocrx_word' id='word_1_397' title='bbox 805 2667 859 2698; x_wconf 86' lang='lat'>15.</span> <span class='ocrx_word' id='word_1_398' title='bbox 887 2666 1019 2704; x_wconf 89' lang='grc' dir='ltr'>Μόναις</span> <span class='ocrx_word' id='word_1_399' title='bbox 1036 2665 1063 2697; x_wconf 75' lang='grc' dir='ltr'>δ’</span> <span class='ocrx_word' id='word_1_400' title='bbox 1081 2666 1145 2708; x_wconf 79' lang='grc' dir='ltr'>ἄρα</span> <span class='ocrx_word' id='word_1_401' title='bbox 1158 2665 1233 2702; x_wconf 83' lang='grc' dir='ltr'>ταῖς</span> <span class='ocrx_word' id='word_1_402' title='bbox 1256 2664 1413 2706; x_wconf 80' lang='grc' dir='ltr'>γυναιξὶν</span> <span class='ocrx_word' id='word_1_403' title='bbox 1427 2663 1487 2695; x_wconf 80' lang='grc' dir='ltr'>οὐκ</span> <span class='ocrx_word' id='word_1_404' title='bbox 1510 2663 1626 2707; x_wconf 77' lang='grc' dir='ltr'>ἀφῄρει</span> <span class='ocrx_word' id='word_1_405' title='bbox 1640 2667 1684 2698; x_wconf 83' lang='grc' dir='ltr'>τὰ</span> 
     </span>
     <span class='ocr_line' id='line_1_44' title="bbox 214 2718 1683 2764; baseline 0.001 -12"><span class='ocrx_word' id='word_1_406' title='bbox 214 2721 414 2764; x_wconf 88' lang='grc' dir='ltr'>πταίσματα</span> <span class='ocrx_word' id='word_1_407' title='bbox 431 2722 468 2754; x_wconf 89' lang='grc' dir='ltr'>τὸ</span> <span class='ocrx_word' id='word_1_408' title='bbox 485 2721 531 2760; x_wconf 85' lang='grc' dir='ltr'>εἰς</span> <span class='ocrx_word' id='word_1_409' title='bbox 548 2722 625 2760; x_wconf 86' lang='grc' dir='ltr'>τοὺς</span> <span class='ocrx_word' id='word_1_410' title='bbox 653 2720 828 2758; x_wconf 81' lang='grc' dir='ltr'>κινδύνους</span> <span class='ocrx_word' id='word_1_411' title='bbox 851 2721 990 2763; x_wconf 83' lang='grc' dir='ltr'>ἀφειδὲς,</span> <span class='ocrx_word' id='word_1_412' title='bbox 1018 2721 1082 2763; x_wconf 76' lang='grc' dir='ltr'>εἴγε</span> <span class='ocrx_word' id='word_1_413' title='bbox 1106 2719 1364 2762; x_wconf 79' lang='grc' dir='ltr'>Θεμισκύρας</span> <span class='ocrx_word' id='word_1_414' title='bbox 1388 2731 1422 2751; x_wconf 87' lang='grc' dir='ltr'>τε</span> <span class='ocrx_word' id='word_1_415' title='bbox 1449 2718 1598 2758; x_wconf 84' lang='grc' dir='ltr'>ἁλούσης</span> <span class='ocrx_word' id='word_1_416' title='bbox 1614 2721 1683 2753; x_wconf 85' lang='grc' dir='ltr'>ὑπὸ</span> 
     </span>
     <span class='ocr_line' id='line_1_45' title="bbox 212 2767 1680 2820; baseline 0 -12"><span class='ocrx_word' id='word_1_417' title='bbox 212 2767 426 2819; x_wconf 69' lang='grc' dir='ltr'>ιΗρακτλέους,</span> <span class='ocrx_word' id='word_1_418' title='bbox 443 2777 498 2808; x_wconf 71' lang='grc' dir='ltr'>καὶ</span> <span class='ocrx_word' id='word_1_419' title='bbox 516 2777 655 2820; x_wconf 76' lang='grc' dir='ltr'>ὕστερον</span> <span class='ocrx_word' id='word_1_420' title='bbox 672 2776 848 2819; x_wconf 75' lang='grc' dir='ltr'>φθαρείσης</span> <span class='ocrx_word' id='word_1_421' title='bbox 865 2777 954 2818; x_wconf 85' lang='grc' dir='ltr'>σφίσι</span> <span class='ocrx_word' id='word_1_422' title='bbox 965 2778 1027 2814; x_wconf 84' lang='grc' dir='ltr'>τῆς</span> <span class='ocrx_word' id='word_1_423' title='bbox 1040 2777 1211 2818; x_wconf 80' lang='grc' dir='ltr'>στρατιᾶς,</span> <span class='ocrx_word' id='word_1_424' title='bbox 1225 2774 1331 2813; x_wconf 79' lang='grc' dir='ltr'>ἣνέπ’</span> <span class='ocrx_word' id='word_1_425' title='bbox 1342 2773 1496 2812; x_wconf 64' lang='grc' dir='ltr'>Ἀθήνας</span> <span class='ocrx_word' id='word_1_426' title='bbox 1512 2773 1680 2818; x_wconf 80' lang='grc' dir='ltr'>ἔστειλαν,</span> 
     </span>
     <span class='ocr_line' id='line_1_46' title="bbox 212 2827 1679 2875; baseline 0.001 -14"><span class='ocrx_word' id='word_1_427' title='bbox 212 2829 300 2872; x_wconf 83' lang='grc' dir='ltr'>ὅμως</span> <span class='ocrx_word' id='word_1_428' title='bbox 316 2831 348 2870; x_wconf 76' lang='grc' dir='ltr'>ἐς</span> <span class='ocrx_word' id='word_1_429' title='bbox 365 2831 488 2875; x_wconf 88' lang='grc' dir='ltr'>Τροίαν</span> <span class='ocrx_word' id='word_1_430' title='bbox 505 2828 612 2872; x_wconf 78' lang='grc' dir='ltr'>ἦλθον</span> <span class='ocrx_word' id='word_1_431' title='bbox 627 2830 823 2870; x_wconf 81' lang='grc' dir='ltr'>Ἀθηναίοις</span> <span class='ocrx_word' id='word_1_432' title='bbox 834 2843 866 2862; x_wconf 86' lang='grc' dir='ltr'>τε</span> <span class='ocrx_word' id='word_1_433' title='bbox 879 2831 994 2869; x_wconf 82' lang='grc' dir='ltr'>αὐτοῖς</span> <span class='ocrx_word' id='word_1_434' title='bbox 1003 2830 1217 2873; x_wconf 81' lang='grc' dir='ltr'>μαχούμεναι</span> <span class='ocrx_word' id='word_1_435' title='bbox 1229 2829 1282 2861; x_wconf 84' lang='grc' dir='ltr'>καὶ</span> <span class='ocrx_word' id='word_1_436' title='bbox 1297 2831 1367 2866; x_wconf 83' lang='grc' dir='ltr'>τοῖς</span> <span class='ocrx_word' id='word_1_437' title='bbox 1379 2830 1486 2860; x_wconf 83' lang='grc' dir='ltr'>πᾶσιν</span> <span class='ocrx_word' id='word_1_438' title='bbox 1497 2827 1679 2870; x_wconf 70' lang='grc' dir='ltr'>“Ἐλλησιν.</span> 
     </span>
    </p>
   </div>
   <div class='ocr_carea' id='block_1_8' title="bbox 211 2892 676 2937">
    <p class='ocr_par' dir='ltr' id='par_1_14' title="bbox 211 2892 676 2937">
     <span class='ocr_line' id='line_1_47' title="bbox 211 2892 676 2937; baseline 0.002 -11"><span class='ocrx_word' id='word_1_439' title='bbox 211 2892 381 2937; x_wconf 88' lang='lat' dir='ltr'><strong>Apollon.</strong></span> <span class='ocrx_word' id='word_1_440' title='bbox 410 2894 529 2928; x_wconf 86' lang='lat' dir='ltr'><strong>Rhod.</strong></span> <span class='ocrx_word' id='word_1_441' title='bbox 546 2894 578 2929; x_wconf 91' lang='lat' dir='ltr'>I.</span> <span class='ocrx_word' id='word_1_442' title='bbox 594 2896 676 2928; x_wconf 80' lang='lat'><strong>297.</strong></span> 
     </span>
    </p>
   </div>
   <div class='ocr_carea' id='block_1_9' title="bbox 323 2960 1554 3010">
    <p class='ocr_par' dir='ltr' id='par_1_15' title="bbox 323 2960 1554 3010">
     <span class='ocr_line' id='line_1_48' title="bbox 323 2960 1554 3010; baseline -0.001 -13"><span class='ocrx_word' id='word_1_443' title='bbox 323 2964 436 2998; x_wconf 66' lang='grc' dir='ltr'>’Ἔνθα</span> <span class='ocrx_word' id='word_1_444' title='bbox 462 2965 729 3010; x_wconf 87' lang='grc' dir='ltr'>Θεμισκύριαι</span> <span class='ocrx_word' id='word_1_445' title='bbox 751 2964 791 3009; x_wconf 88' lang='lat' dir='ltr'>(l.</span> <span class='ocrx_word' id='word_1_446' title='bbox 811 2960 1052 3008; x_wconf 80' lang='grc' dir='ltr'>Θεμισκύρειαι)</span> <span class='ocrx_word' id='word_1_447' title='bbox 1067 2962 1321 3006; x_wconf 83' lang='grc' dir='ltr'>Ἀμαζόντες</span> <span class='ocrx_word' id='word_1_448' title='bbox 1352 2961 1554 2999; x_wconf 82' lang='grc' dir='ltr'>ὡπλίζοντο.</span> 
     </span>
    </p>
   </div>
   <div class='ocr_carea' id='block_1_10' title="bbox 212 3034 473 3071">
    <p class='ocr_par' dir='ltr' id='par_1_16' title="bbox 212 3034 473 3071">
     <span class='ocr_line' id='line_1_49' title="bbox 212 3034 473 3071; baseline -0.004 -1"><span class='ocrx_word' id='word_1_449' title='bbox 212 3034 267 3070; x_wconf 91' lang='lat' dir='ltr'>Id.</span> <span class='ocrx_word' id='word_1_450' title='bbox 311 3035 364 3070; x_wconf 91' lang='grc' dir='ltr'>ΙΙ.</span> <span class='ocrx_word' id='word_1_451' title='bbox 389 3038 473 3071; x_wconf 87' lang='grc'><strong>369.</strong></span> 
     </span>
    </p>
   </div>
  </div>
 </body>
</html>
