1819 3219
646 193 835 236 LYSIAE
865 192 1022 235 VITA.
1508 195 1562 237 53

114 302 255 351 βουλὴν
275 302 522 357 σκεψαμένην,
543 299 623 338 ὅσοι
644 302 766 338 αὐτῶν
786 301 843 337 ἐπὶ
863 299 986 344 Φυλῆς
1012 298 1345 349 ἐπολιορκήθησαν,
1367 300 1421 338 ὅτι
1442 300 1563 338 Λακε-

116 363 297 416 δαιμόνιοι
313 364 370 400 καὶ
384 363 419 400 οἱ
438 362 631 413 τριάκοντα
649 361 891 412 προσέβαλον
908 367 985 404 τοῖς
1004 359 1262 408 καταλαβοῦσι
1277 361 1411 406 Φυλήν.
1469 362 1563 411 Ejus

114 431 242 464 autem
264 425 329 470 rei,
345 436 424 474 quo
441 423 619 462 testatior
636 429 737 461 esset
756 422 951 469 memoria,
965 422 1075 460 Actis
1091 422 1258 472 publicis
1279 422 1327 460 de
1350 423 1421 460 liae
1442 424 1562 461 dona-

113 486 218 523 tione
246 485 284 523 in
317 486 471 523 Metroo
498 484 609 536 juxta
638 485 794 523 Curiam
839 486 953 522 talem
990 483 1283 533 Inscriptionem
1318 484 1418 534 affigi
1454 498 1560 523 cura-

115 553 277 586 verunt:

270 615 403 654 Τούσδ’
421 618 553 667 οἰρετῆς
573 616 677 654 ἕνεκα
699 616 893 667 στεφάνοις
912 617 1076 665 ἐγέραιρε
1095 615 1327 669 παλαίχθων

320 679 444 729 Δῆμος
458 677 685 725 Ἀθηναίων,
707 678 741 715 ο’ί
762 693 848 715 ποτε
866 676 950 721 τοῦς
972 677 1109 720 α’δίκοις

273 743 433 790 Θεσμοῖς
452 741 635 792 ἄρξαντας
655 747 787 790 πρῶτοι
807 741 949 782 πόλεως
969 739 1194 777 καταπαύειν

313 799 472 853 ῗΗρξαν,
494 802 661 841 κίνδυνον
678 805 845 853 σώμασιν
865 803 1053 852 ἀράμενοι.

169 878 258 916 Hoc
286 878 534 928 plebiscitum
565 879 719 930 publice
749 880 785 917 in
816 880 998 917 honorem
1020 880 1158 918 civium
1178 886 1217 918 et
1237 879 1419 917 facinoris
1439 881 1565 918 socio—

113 952 197 977 rum
216 939 364 989 rogavit
383 940 602 980 Archinus:
635 941 736 979 aliud
767 941 944 991 privatim
966 942 1002 978 in
1024 942 1186 991 gratiam
1209 941 1334 992 Lysiae
1355 953 1426 991 pro
1447 942 1563 980 tantis

113 1000 200 1051 ejus
216 1001 255 1038 in
277 1001 415 1052 Remp.
437 1003 581 1040 meritis
597 1003 887 1054 Thrasybulus:
909 1002 1021 1051 cujus
1036 1002 1234 1040 historiola
1253 1009 1310 1040 est
1330 1001 1566 1052 hujusmodi.

115 1065 285 1102 Reverso
303 1065 450 1115 populo
469 1066 708 1114 (indistincte
730 1065 961 1103 Plutarchus
978 1066 1016 1102 in
1032 1065 1158 1116 Lysia,
1174 1065 1240 1115 qui
1263 1066 1361 1104 hanc
1382 1079 1460 1104 rem
1482 1079 1565 1104 nar-

113 1131 187 1171 rat,
209 1130 302 1177 μετοῖ
328 1129 394 1172 τὴν
416 1126 587 1173 κάθοδον,
613 1128 682 1165 ἐπὶ
716 1129 954 1178 ἀναρχίας
983 1137 1048 1174 τῆς
1068 1127 1140 1179 πρὸ
1161 1127 1375 1175 Εὐκλείδου)
1395 1128 1568 1180 Thrasy-

115 1188 231 1226 bulus
251 1188 487 1239 rogationem
508 1188 646 1235 defert,
669 1195 711 1227 ut
727 1189 860 1240 Lysias
876 1189 1032 1228 civitate
1053 1188 1275 1234 donaretur,
1301 1189 1418 1238 idque
1450 1190 1567 1240 impe-

114 1254 203 1287 trat.
260 1249 370 1287 Istud
391 1249 634 1299 plebiscitum
650 1251 799 1300 (magis,
814 1250 868 1288 uti
889 1250 1054 1295 videtur,
1079 1263 1156 1300 quo
1172 1256 1469 1288 conservaretur
1483 1264 1567 1289 mos

113 1309 294 1357 civitatis,
314 1322 430 1360 quam
446 1310 586 1361 Lysiae,
608 1311 668 1348 vel
687 1311 794 1358 odio,
809 1312 868 1349 vel
889 1311 1033 1350 invidia
1045 1310 1206 1359 ductus)
1216 1313 1441 1363 παρανόμων
1456 1312 1568 1364 ἐγρά-

113 1372 212 1420 ψατο
233 1370 468 1418 Archinus,*
489 1373 595 1422 quod
618 1385 693 1409 non
722 1373 769 1410 ad
801 1373 986 1410 Senatum
1016 1372 1122 1422 prius
1151 1373 1199 1410 de
1220 1385 1266 1410 ea
1286 1386 1325 1410 re
1345 1372 1567 1412 referretur.

112 1433 247 1484 anue
266 1431 417 1471 ratione
444 1433 516 1471 hac
547 1446 616 1484 spe
638 1434 771 1484 pulsus
791 1434 936 1471 Orator
955 1439 1085 1472 noster
1099 1433 1289 1484 reliquum
1311 1435 1397 1471 vitae
1423 1434 1501 1484 egit
1529 1435 1566 1473 in

114 1507 160 1533 eo
179 1493 314 1544 gradu,
336 1494 403 1544 qui
432 1494 604 1544 proxime
636 1494 735 1532 infra
763 1495 896 1533 Civem
923 1501 1144 1540 censetur.†
1199 1495 1395 1533 Credibile
1416 1504 1472 1534 est
1492 1498 1568 1548 Ly-

114 1556 207 1594 siam
227 1569 297 1606 pro
317 1556 390 1594 hac
411 1557 609 1606 rogatione
629 1557 873 1608 Thrasybuli,
894 1557 919 1594 i.
938 1570 973 1595 e.
994 1570 1065 1607 pro
1084 1556 1251 1595 Civitate
1267 1557 1477 1596 orationem
1501 1560 1568 1597 ha-

115 1616 270 1655 buisse:
303 1616 422 1666 idque
447 1617 590 1666 colligo
620 1630 667 1654 ex
696 1617 895 1655 Plutarchi
928 1618 1056 1655 verbis
1083 1618 1118 1654 in
1141 1631 1174 1655 v.
1197 1630 1286 1667 quae
1306 1623 1431 1656 tamen
1454 1620 1568 1658 hodie

114 1683 276 1728 propter
304 1677 532 1715 mendorum
566 1677 826 1728 impuritatem
862 1678 956 1716 nihil
986 1678 1143 1716 omnino
1176 1679 1394 1717 istiusmodi
1426 1694 1506 1730 prae
1528 1696 1567 1720 se

115 1738 215 1777 ferre
238 1738 428 1777 videntur.
478 1740 587 1778 ’Έστι
614 1739 641 1777 δ’
670 1742 782 1777 αὐτοῦ
807 1739 955 1791 [λόγος]
976 1742 1033 1778 καὶ
1060 1741 1103 1778 ὃν
1123 1741 1216 1792 ὑπὲρ
1236 1745 1299 1778 τοῦ
1328 1742 1567 1793 ψηφίσματος

115 1800 307 1852 ἐγράψατο
324 1802 502 1851 Ἀρχῖνος
520 1803 588 1846 τὴν
606 1802 803 1838 πολιτείαν
828 1804 940 1839 αὑτοῦ
960 1804 1152 1853 περιέχων,
1174 1803 1232 1838 καὶ
1249 1805 1342 1840 καταῖ
1367 1810 1438 1840 τῶν
1455 1804 1567 1854 Τριά-

114 1878 226 1901 κοντα
245 1863 380 1913 ἕτερος.
435 1861 657 1912 Legendum
687 1868 744 1900 est
773 1864 913 1913 procul
935 1863 1080 1901 dubio:
1104 1863 1214 1901 ’Ἐστι
1242 1863 1270 1900 δ’
1288 1866 1399 1902 αὑτοῦ
1418 1867 1567 1916 [λόγος]

113 1925 205 1974 ὑπὲρ
235 1928 298 1961 τοῦ
330 1924 579 1976 ψηφίσματος,
600 1924 619 1961 ὃ
639 1924 832 1974 ἐγράψατο
851 1926 1028 1977 Ἀρχῖνος
1061 1925 1304 1976 [παρανόμων
1325 1925 1400 1973 sc.]
1419 1929 1483 1972 τὴν
1502 1944 1568 1966 πο-

114 1987 257 2023 λιτείαν
278 1987 390 2022 αὑτοῦ
410 1986 600 2036 περιελών.
632 1985 749 2024 Plane
780 1991 823 2023 ut
852 1985 1054 2024 AEschines
1084 1985 1132 2024 de
1163 1989 1347 2025 ementita
1378 1988 1566 2039 legatione

114 2060 153 2098 p.
173 2051 239 2086 34.
267 2047 360 2086 edit.
386 2047 523 2098 Stepll.
579 2047 625 2086 Εἴ
656 2065 710 2090 τις
742 2051 854 2087 αὑτοῦ
882 2052 948 2095 τὴν
979 2049 1096 2101 τύχην
1128 2052 1304 2100 περιελὼν
1333 2052 1441 2103 ἑτέρῳ
1469 2067 1568 2103 περι-

118 2109 216 2157 θείη,

168 2171 362 2221 Denique,
391 2177 433 2209 ut
465 2170 648 2209 orationis
670 2171 783 2210 telam
814 2170 999 2222 perficere
1029 2172 1187 2222 possim,
1209 2179 1303 2210 aetas
1335 2173 1400 2211 illa
1428 2176 1567 2226 populi

118 2234 301 2279 restituti,
317 2239 398 2271 tum
420 2232 528 2271 novis
547 2233 695 2284 legibus
716 2232 944 2278 condendis,
966 2239 1046 2270 tum
1068 2240 1195 2272 autem
1217 2234 1407 2285 plurimis,
1428 2237 1568 2286 quibus

116 2296 223 2347 prius
263 2294 481 2341 utebantur,
515 2295 778 2345 antiquandis‚
813 2295 1073 2333 illustrissima
1104 2295 1190 2334 fuit.
1248 2296 1569 2337 Recensebantur

116 2357 276 2408 publico
295 2355 454 2394 decreto
472 2356 591 2407 Legg.
606 2356 765 2404 tabulae,
782 2362 822 2394 et
840 2356 993 2406 rejectis
1006 2357 1065 2404 iis,
1081 2369 1169 2407 quae
1184 2358 1433 2397 concordiam
1455 2360 1569 2398 modo

116 2418 332 2457 institutam
360 2418 547 2469 impedire
564 2431 680 2469 posse
700 2417 945 2463 videbantur,
975 2418 1164 2469 novisque
1186 2419 1287 2467 latis,
1307 2421 1450 2471 quibus
1470 2435 1568 2473 opus

118 2486 201 2519 erat
220 2480 353 2531 Reip.‡
372 2493 471 2518 nova
489 2479 676 2530 deinceps
704 2480 852 2519 ratione
868 2493 915 2518 ex
943 2493 988 2518 ea
1009 2486 1238 2532 tempestate
1259 2482 1392 2520 civitas
1413 2485 1570 2522 tractari

117 2556 340 2598 [Thrasybulo]
362 2568 415 2597 pro
442 2558 533 2588 tantis
553 2558 685 2593 meritis,
704 2557 828 2588 honoris
867 2558 970 2588 simam
987 2558 1143 2588 historiam
1159 2559 1197 2588 de
1213 2559 1309 2599 Lysia
1325 2560 1439 2590 alludat
1453 2562 1573 2598 Orator,

118 2611 230 2630 corona
250 2611 268 2630 a
292 2601 403 2640 populo
429 2600 499 2631 data
524 2606 584 2637 est,
610 2602 689 2631 facta
711 2601 829 2631 duabus
863 2601 943 2640 quod
960 2611 1017 2630 non
1034 2612 1159 2640 prorsus
1175 2603 1312 2632 absimile
1330 2608 1385 2633 est.

118 2643 248 2682 virgulis
273 2644 437 2683 oleaginis:
461 2654 542 2683 qnae,
566 2644 647 2684 quod
679 2654 763 2674 amor
787 2644 829 2673 ei·
911 2646 926 2677 t
948 2642 999 2673 Τόν
1024 2643 1117 2675 λοιπὸν
1141 2642 1231 2684 ᾤκησε
1260 2644 1350 2686 χρόνον
1378 2646 1504 2680 ἰσοτελὴς
1527 2647 1569 2677 ὢν.

119 2685 214 2722 vium,
226 2695 286 2716 non
303 2686 364 2723 vis,
376 2691 584 2726 expresserat,
598 2686 710 2717 nullam
725 2686 830 2717 habuit
863 2687 1017 2717 Plutarch.
1040 2687 1070 2717 in
1085 2687 1158 2718 vita.
1202 2687 1309 2718 Μηδένα
1328 2690 1382 2717 τῶν
1404 2692 1570 2719 πολιτῶν

119 2728 278 2766 invidiam,
295 2739 461 2769 magnaque
473 2729 532 2760 fuit
547 2728 680 2769 gloria.'’
861 2729 938 2768 μήτε
963 2732 1017 2760 τῶν
1045 2730 1155 2762 ἲσοτε
1167 2736 1186 2760 λ
1197 2732 1250 2766 ὣν,
1276 2731 1353 2770 μήτε
1374 2733 1429 2762 τῶν
1449 2730 1568 2770 ξένων.

161 2771 181 2790 *²
204 2771 340 2802 Similem
359 2771 483 2801 Arohini
508 2772 706 2803 constantiam
726 2771 831 2802 retulit
864 2773 1024 2802 Demostli.
1047 2783 1075 2802 e.
1096 2773 1219 2814 Leptin.
1256 2771 1402 2806 Ἰο-οτελεῖς
1425 2774 1571 2812 Inquilini

120 2812 230 2844 AEseh.
256 2825 284 2844 e.
312 2814 448 2854 Ctesiph.
479 2825 510 2854 p.
535 2817 587 2845 82.
612 2816 696 2846 Edit.
723 2815 831 2854 Steph.
864 2819 934 2845 sunt
952 2814 1092 2854 μέτοικοι,
1115 2816 1226 2856 quibus
1247 2816 1384 2855 μετοίκιον
1398 2817 1571 2847 remitteba-

120 2854 244 2898 Ἀρχῖνος
255 2859 309 2898 γὰρ
325 2857 337 2886 ὃ
351 2855 383 2887 ἐκ
393 2856 488 2891 Κοίλης
501 2857 651 2898 ἐγράψατο
665 2857 831 2899 παρανόμων
863 2862 923 2894 tur,
937 2859 1074 2898 adeoque
1089 2858 1119 2888 in
1133 2859 1255 2889 tributis
1266 2859 1448 2897 pendendis,
1464 2860 1569 2890 eadem

121 2897 312 2939 Θςασύὲουλον
322 2899 367 2929 τὸν
384 2900 518 2941 Στειριέα,
540 2899 694 2941 γράψαντά
709 2913 738 2931 τι
753 2903 830 2941 παρὰ
863 2900 1075 2938 aestimatione,
1089 2912 1147 2941 qua
1161 2902 1254 2932 Cives
1269 2901 1340 2940 ipsi,
1355 2901 1448 2932 censi.

121 2942 186 2976 τοὺς
200 2941 306 2980 νόμους,
326 2946 479 2983 στεφανοῦν
492 2942 538 2974 ἕνα
551 2945 605 2974 τῶν
617 2944 829 2983 συγκατελθόν·
907 2946 922 2980 ‡
938 2944 1089 2974 Andocid.
1114 2946 1153 2975 de
1175 2944 1333 2984 Mysteriis
1357 2954 1388 2983 p.
1411 2948 1462 2976 11.
1486 2946 1571 2977 Edit.

122 2994 176 3014 των
188 2984 266 3024 αὐτῷ
279 2984 336 3016 ἀπὸ
355 2988 454 3022 Φυλῆς.
499 2987 571 3018 Nisi
587 2988 626 3017 ad
645 2988 720 3018 hane
735 2987 829 3027 ipsis·
864 2987 969 3026 steph,
986 2987 1107 3026 aliique.
