1819 3219
629 207 966 251 PRAEFATIO.
1474 203 1520 243 11

80 320 250 360 omnium
270 319 370 357 inter
389 322 556 363 nostros,
579 317 646 367 qui
666 316 706 354 id
726 321 764 354 te
784 315 918 354 melius
945 312 1043 352 scire
1065 312 1125 350 vel
1145 312 1265 362 possit
1287 311 1345 348 vel
1370 309 1525 346 debeat.

78 382 176 420 Nam
196 386 236 419 et
253 380 397 418 Graece
411 385 451 417 ct
468 379 603 416 Latine
619 391 702 416 eam
724 377 843 415 habes
861 375 1131 420 eruditionem,
1152 386 1229 423 qua
1248 371 1397 410 medius
1413 369 1529 407 fidius

78 443 264 493 majorem
297 453 433 479 nemo:
463 445 502 479 et
531 441 561 477 si
588 440 683 491 quid
710 439 816 490 apud
837 444 987 476 nostros
1007 442 1209 474 exterosve
1233 433 1416 471 librorum
1439 430 1528 469 reli-

78 510 182 542 ctum
204 504 266 549 sit,
288 503 326 541 id
342 516 468 548 omne,
490 515 561 553 pro
581 508 647 540 tua
666 501 804 540 eximia
823 500 1021 550 diligentia
1038 512 1082 536 ac
1099 497 1365 535 laudatissimo
1385 493 1531 531 doctri-

79 579 140 603 nae
168 565 312 611 studio,
341 564 430 602 Tibi
459 564 519 602 vel
547 563 677 614 potius
706 563 867 601 eruditis
896 561 1077 600 omnibus
1097 558 1335 609 jampridem
1358 553 1531 592 maximis

79 639 170 665 cum
198 626 400 665 laboribus
426 625 688 676 impensisque
717 624 962 675 comparasti.
1020 621 1127 666 Quid
1148 620 1248 658 enim
1270 615 1532 665 Philosophos

82 702 275 726 numerem
291 688 308 724 ’ἓ
337 688 405 737 (Ῑυί
424 700 502 737 quo
518 686 662 736 majore
680 699 840 724 numero
855 685 1100 728 exstiterunt,
1120 695 1168 720 eo
1188 680 1308 731 magis
1324 680 1361 716 in
1378 677 1423 715 iis
1439 689 1533 714 nau-

80 750 241 801 fragium
263 750 406 788 factum
433 754 505 788 est.
547 748 687 786 Libros
707 747 863 785 circiter
881 751 959 784 400
978 745 1225 788 Aristoteles,
1245 755 1290 780 ac
1310 753 1433 791 prope
1454 743 1533 775 tot-

81 812 184 849 idem
210 811 502 861 Theophrastus
534 809 700 860 scripsit,
729 822 894 859 quorum
916 807 1051 846 mirum
1083 811 1141 844 est
1170 810 1316 855 quanta
1347 802 1395 840 sit
1417 799 1532 837 nobis

80 873 217 911 relicta
245 872 436 922 paucitas.
501 871 751 909 Democritus
783 870 846 907 ille
875 882 1038 919 magnus
1068 874 1276 916 tantusque
1305 863 1388 908 Vir,
1418 860 1531 909 cujus

82 948 260 984 maguum
281 934 331 971 de
354 933 508 971 Mundo
528 945 625 983 opus
645 932 798 970 talentis
819 930 1038 981 quingentis
1058 930 1289 966 aestimatum
1311 923 1533 974 perhibent,

82 1009 207 1046 usque
226 995 325 1033 adeo
346 995 467 1032 multa
489 994 654 1045 scripsit,
676 1000 716 1030 ut
734 991 932 1031 Librarius
948 1003 1017 1041 per
1036 990 1215 1028 cavillum
1233 988 1283 1026 sit
1294 987 1344 1024 ab
1362 984 1534 1036 Epicuro

84 1057 314 1108 appellatus.
347 1055 537 1106 Epicurus
555 1060 682 1092 autem
699 1054 782 1105 ipse
804 1059 976 1091 trecenta
995 1051 1152 1102 reliquit
1170 1049 1388 1087 volumina:
1410 1045 1536 1095 Chry-

83 1118 218 1169 sippus
247 1131 350 1166 vero,
379 1130 495 1168 quem
524 1117 705 1155 librorum
739 1115 899 1165 Epicuri
927 1113 1042 1163 hujus
1071 1111 1282 1164 parasitum
1312 1105 1536 1147 Carneades

83 1180 272 1225 nominat,
303 1179 475 1230 quinque
504 1191 551 1216 ac
582 1177 825 1228 septingenta
856 1177 1050 1214 volumina
1080 1174 1327 1212 elucubrasse
1356 1170 1538 1209 traditur.

84 1242 283 1280 Permulta
302 1242 477 1279 Zenones
499 1247 538 1279 et
558 1240 754 1278 Cutiensis
778 1239 865 1288 (sic)
887 1245 926 1276 et
946 1239 1099 1276 Eleates
1122 1237 1325 1287 scripsere,
1346 1231 1539 1284 permulta

84 1304 325 1349 Heraclitus,
354 1303 545 1354 permulta
573 1301 844 1353 Empedocles,
873 1308 912 1338 et
940 1300 1004 1338 alii
1033 1313 1120 1338 cum
1151 1296 1287 1336 Graeci
1311 1301 1390 1334 tum
1411 1293 1538 1332 Latini

84 1365 320 1416 philosophi,
342 1378 440 1416 quos
458 1365 667 1416 complecti
685 1365 860 1402 oratione
882 1363 994 1401 labor
1015 1362 1078 1401 sit.
1134 1359 1332 1398 Permulta
1360 1357 1472 1395 nobis
1501 1360 1540 1393 et

85 1427 252 1466 maxima
272 1440 351 1465 suae
372 1427 570 1477 sapientiae
591 1432 628 1464 et
649 1425 884 1476 perillustria
902 1425 1138 1462 monimenta
1157 1421 1410 1472 reliquerunt.
1460 1417 1541 1455 Ho-

85 1502 171 1528 rum
190 1494 319 1527 autem
338 1488 509 1527 omnium
530 1488 633 1526 nulla
651 1500 809 1538 prorsus
831 1487 978 1537 scripta
996 1491 1160 1524 exstant.
1206 1482 1310 1528 Quid
1332 1487 1476 1525 autem,
1497 1484 1542 1516 ut

86 1550 259 1601 reliquos
278 1549 355 1587 sive
369 1550 522 1596 Poetas,
538 1549 618 1588 sive
636 1549 868 1593 Historicos‚
888 1547 967 1586 sive
986 1548 1082 1585 alios
1103 1544 1301 1597 praestanti
1320 1542 1454 1592 aliqua
1471 1541 1543 1578 do-

90 1612 215 1650 ctrina
240 1616 278 1649 et
303 1611 458 1661 ingenio
478 1611 580 1648 viros
601 1611 788 1656 omittam,
810 1609 920 1660 quid,
943 1609 1115 1659 inquam,
1136 1608 1345 1645 Oratorum
1365 1615 1543 1642 versuras

90 1673 346 1722 interitusque
365 1673 692 1710 commemorem}
737 1672 868 1708 Hosce
901 1669 1184 1721 propemodum
1209 1680 1344 1706 omnes
1370 1666 1417 1704 ad
1446 1666 1544 1703 Bru-

92 1742 173 1772 tum
201 1734 373 1772 scribens
406 1733 546 1771 Cicero
577 1746 654 1770 non
687 1732 847 1770 Latinos
877 1732 1001 1770 solum
1028 1731 1079 1769 ab
1107 1730 1194 1781 ipso
1222 1741 1346 1779 usque
1366 1728 1426 1766 M.
1447 1726 1543 1765 Cor-

91 1794 194 1834 nelio
213 1795 396 1844 Cethego,
416 1807 529 1844 quem
547 1793 831 1844 suaviloquenti
849 1806 915 1831 ore
935 1792 1100 1843 viguisse
1121 1792 1172 1836 Q.
1193 1790 1340 1829 Ennius
1359 1789 1544 1827 decanta-

91 1857 172 1904 bat,
191 1856 252 1894 vel
270 1856 319 1894 ab
339 1855 406 1893 illo
426 1856 556 1907 potius
580 1857 701 1894 Bruto
720 1861 914 1906 repetens,
931 1854 998 1905 qui
1013 1854 1086 1892 vim
1107 1867 1154 1892 ex
1173 1853 1268 1891 urbe
1290 1851 1392 1902 regia
1412 1857 1544 1889 extru-

91 1918 196 1964 serit,
218 1931 349 1956 verum
369 1922 408 1955 et
427 1919 593 1956 Graecos
613 1917 663 1955 ab
688 1917 808 1968 ipsius
836 1930 960 1967 usque
987 1916 1139 1954 Solonis
1167 1914 1436 1964 Pisistratique
1462 1925 1544 1950 me-

92 1979 214 2017 moria
233 1985 273 2018 et
292 1979 511 2030 diligenter,
532 1985 576 2017 ut
594 1979 759 2026 adsolet,
779 1985 819 2017 et
839 1979 1034 2028 eleganter
1051 1978 1296 2016 adnumerat.
1339 1976 1386 2013 In
1403 1975 1546 2026 quibus

94 2047 238 2092 quanta
254 2041 305 2080 sit
324 2047 466 2091 strages
483 2040 600 2088 facta,
618 2047 763 2091 quanta
779 2047 962 2091 suscepta
982 2039 1197 2085 calamitas,
1213 2038 1298 2089 quis
1314 2038 1370 2076 Te
1386 2037 1548 2075 nobilis-

94 2104 190 2143 simo
209 2104 338 2155 equite
358 2110 396 2142 et
415 2104 570 2142 homine
589 2104 817 2142 doctissimo
837 2104 974 2142 melius
994 2103 1164 2142 omnium
1183 2115 1282 2139 unus
1301 2099 1453 2139 norit?n

149 2171 176 2188 “
197 2166 340 2204 Nonne
359 2165 477 2216 igitur
488 2164 578 2214 jure
604 2165 679 2203 illis
700 2165 1029 2212 succensebimus,
1057 2163 1351 2209 detestabimur,
1371 2174 1547 2201 exsecra-

96 2227 238 2275 bimur,
264 2240 430 2278 quorum
457 2227 606 2265 desidia
635 2227 866 2278 ignaviaque
893 2233 1038 2265 tantam
1058 2226 1170 2265 nobis
1192 2226 1388 2277 jacturam
1407 2224 1548 2262 factam

100 2291 325 2329 iutuemur?
381 2289 483 2326 Nam
504 2289 536 2326 si
566 2302 655 2326 cum
678 2289 752 2327 hac
779 2295 952 2327 veterum
979 2289 1168 2327 librorum
1192 2286 1389 2338 paucitate
1414 2299 1461 2324 ac
1481 2298 1552 2336 pe-

97 2351 221 2400 nuria,
241 2364 405 2402 quorum
426 2363 503 2389 non
524 2351 755 2389 mediocrem
777 2356 943 2401 partem,
964 2356 1007 2388 ut
1035 2350 1123 2397 scis,
1145 2356 1331 2399 tanquam
1350 2361 1398 2386 ex
1419 2347 1550 2385 Erebo

97 2413 214 2452 mirus
241 2419 385 2451 sanctae
410 2414 610 2451 vetustatis
630 2413 759 2450 cultor
777 2413 965 2451 Nicolaus
984 2412 1115 2450 Nicoli
1136 2409 1353 2449 incredibili
1372 2421 1442 2447 sua
1461 2421 1550 2446 cum

97 2474 298 2525 diligentia
316 2488 361 2513 ao
382 2474 512 2513 studio
538 2474 650 2512 nobis
669 2474 706 2511 iu
734 2475 861 2512 lucem
890 2473 1069 2520 contulit,
1098 2473 1135 2511 id
1166 2471 1335 2510 dicendo
1354 2475 1552 2509 assecutos

99 2538 305 2576 nonnullos
326 2537 529 2582 cernimus,
548 2543 588 2574 ut
609 2536 743 2573 honori
765 2536 869 2586 apud
886 2549 1020 2573 omnes
1035 2533 1361 2584 admirationique
1382 2533 1551 2571 habean—

100 2604 177 2647 tur,
197 2613 245 2637 ne
265 2605 368 2637 certe
394 2598 653 2637 dubitandum
675 2597 867 2644 existimo,
894 2597 990 2647 quin
1011 2596 1152 2634 multos
1173 2595 1289 2633 hodie
1314 2594 1551 2639 Leonardos,

102 2662 315 2712 permultos
334 2661 564 2699 haberemus
584 2659 825 2710 Ambrosios,
846 2659 877 2697 si
893 2658 1031 2709 priscis
1049 2656 1303 2695 Bibliothecis
1318 2656 1452 2694 liceret
1467 2655 1555 2693 frui.

102 2724 220 2768 Quod
241 2737 329 2762 cum
353 2724 390 2761 in
410 2736 563 2761 omnem
583 2722 733 2760 Italiam
754 2728 919 2772 pateret,
940 2727 1022 2759 tum
1041 2720 1282 2772 potissimum
1299 2719 1336 2756 in
1357 2720 1429 2756 hac
1447 2719 1554 2766 urbe,

105 2786 171 2824 ubi
189 2785 319 2823 divina
339 2784 518 2835 quaedam
538 2784 694 2833 ingenia
712 2783 950 2833 germinant:
980 2782 1067 2820 Nec
1084 2781 1234 2828 diffido,
1256 2782 1348 2832 quin
1368 2781 1487 2830 aliqui
1508 2793 1555 2818 ex

105 2847 178 2885 hae
197 2847 280 2897 ipsa
300 2847 395 2884 urbe
423 2846 529 2883 brevi
554 2845 793 2890 emerserint,
820 2845 888 2895 qui
909 2856 977 2882 sua
997 2851 1035 2882 et
1054 2857 1146 2882 cura
1165 2849 1204 2881 et
1222 2843 1412 2880 industria
1432 2848 1471 2880 et
1497 2842 1555 2880 in-

106 2907 218 2957 genio
238 2914 354 2945 tantae
375 2907 463 2944 huic
478 2907 647 2957 jacturae
664 2906 846 2956 cladique
867 2906 1107 2944 medeantur.
1138 2905 1217 2942 Ista
1233 2916 1321 2941 cum
1339 2903 1555 2942 Iannotium

109 2974 249 3015 manet,
269 2974 349 3006 tum
372 2969 475 3006 hunc
495 2973 669 3006 nostrum
690 2973 728 3006 et
744 2968 926 3006 Carolum
946 2966 1162 3013 Arcturum,
1179 2964 1341 3004 disertos
1360 2973 1398 3004 et
1417 2966 1557 3005 doctos
