1819 3219
508 190 844 233 LECTIONES
883 189 1168 231 LYSIACAE.
1486 189 1561 230 101

711 391 842 434 CAP.
875 391 957 434 ΙΙΙ.

111 505 272 536 Orationes
288 507 445 538 Funebres
459 508 674 548 Antiquarum,
689 518 727 538 sc.
744 508 890 544 Platonis,
916 508 1059 545 Periclis,
1074 508 1188 548 Lysiae,
1212 508 1395 548 Hyperidis,
1411 510 1570 548 isocratis,
1587 513 1649 544 680

156 557 387 594 Demosthenis,
402 563 433 589 et
449 559 588 589 Archini.
632 559 844 589 Emendantur
866 559 998 596 Gellius,
1023 560 1135 589 Suidas
1151 570 1211 589 non
1229 559 1334 595 semel,
1352 564 1383 588 et
1401 560 1568 600 Dionysius

155 608 456 641 Halicarnassensis:
476 611 561 640 locus
570 621 662 650 porro
677 610 854 640 Aristotelis
866 610 1037 640 vindicatur
1045 615 1150 640 contra
1159 609 1392 650 ωαςιιδιορθωτὰς
1407 612 1567 650 quosdam.

154 658 424 700 Isocratesjunior
439 661 605 691 orationem
622 661 778 691 funebrem
795 662 910 691 habuit.
953 660 1100 691 Νοθεύεταιι
1116 661 1213 691 oratio
1228 661 1363 691 funebris
1388 663 1568 692 Demosthe-

154 710 214 741 nis.
259 713 448 742 Emendatur
477 723 536 742 non
553 723 611 743 uno
636 713 667 742 in
691 712 772 742 loco.
817 712 903 742 Ordo
931 712 1064 742 tribuum
1089 712 1333 742 Atheniensium.
1382 713 1570 743 Emendatur

160 764 333 794 Menander
347 764 477 793 Rhetor.
514 764 649 803 Elegans
666 764 802 793 Marmor
827 763 857 793 in
875 765 984 793 Museo
1015 763 1178 803 Carpineo.
1223 763 1380 793 Inusitatae
1397 763 1571 794 Latinitatis

155 816 309 855 exempta.
354 815 502 855 Rapsata.
561 815 834 856 Propugnatricem
864 814 1082 854 periculorum.
1141 814 1294 844 Aristides
1317 813 1431 854 insigni
1451 815 1572 845 medela

154 870 284 898 mactus.

112 976 257 1012 Ani-luc
283 976 322 1010 in
346 975 446 1010 ferali
473 976 542 1010 hoc
568 977 780 1020 argumento
802 985 995 1016 moramur,
1032 977 1069 1008 et
1096 974 1342 1021 Antiquorum
1381 976 1506 1021 luctui,
1541 976 1570 1010 si

112 1031 258 1065 Lectori
275 1041 347 1064 non
363 1032 543 1075 ingratum
561 1031 636 1064 fore
653 1030 846 1073 videbitur,
866 1030 1125 1064 destinavimus
1140 1031 1291 1065 schedas
1318 1042 1464 1077 quoque
1489 1043 1571 1077 pro-

111 1087 244 1121 ximas.
272 1086 409 1120 Eorum
423 1097 468 1120 ex
485 1086 676 1130 epitaphiis
692 1084 918 1119 sermonibus
936 1087 1083 1119 aetatem
1101 1086 1299 1120 maximam
1313 1087 1474 1121 tulerunt
1491 1088 1573 1121 Pla·

110 1142 209 1176 tonis
225 1141 468 1183 Menexenus,
481 1142 629 1175 Periclis
646 1140 762 1175 oratio
780 1151 887 1184 quam
905 1139 1166 1174 immortalitati
1180 1142 1407 1176 consecravit
1422 1142 1572 1186 Thucy-

113 1195 214 1229 dides
230 1196 253 1230 l.
268 1198 302 1230 2.
322 1196 442 1238 Lysiae
456 1198 493 1229 et
508 1195 719 1238 Hyperidis.
746 1196 895 1240 Ἔχομεν
905 1195 973 1239 (ait
984 1198 1110 1229 auctor
1120 1206 1168 1230 ex
1183 1197 1459 1239 recentioribus)
1477 1198 1573 1231 Πλά-

111 1265 217 1290 τωνος
233 1255 287 1284 καὶ
305 1251 516 1292 θουκυδίδου,
535 1253 589 1284 καὶ
604 1251 774 1296 Ὑπερίδου
791 1253 845 1284 καὶ
863 1253 987 1285 Λυσίου
1007 1253 1085 1290 τοὺς
1101 1252 1307 1295 ἐπιταφίους.
1357 1251 1472 1285 The0.
1487 1263 1517 1286 c.
1535 1255 1570 1286 2.

110 1306 194 1340 Sola
209 1317 255 1340 ex
275 1306 328 1340 his
346 1307 390 1340 ad
407 1316 472 1339 nos
484 1316 556 1340 non
571 1309 757 1351 περιῆλθεν
774 1305 982 1351 HyperidiS,
998 1317 1106 1350 quam
1122 1307 1272 1340 laudant
1295 1306 1444 1341 Diodor.
1458 1308 1530 1342 Sic.
1548 1308 1572 1342 l.

112 1361 167 1394 18.
218 1360 401 1394 Plutarch.
417 1361 454 1394 in
474 1362 534 1395 vit.
560 1361 712 1405 Dionys.
735 1361 859 1395 Halie.
878 1361 915 1395 in
935 1364 1011 1396 arte
1030 1373 1062 1396 c.
1083 1365 1117 1396 6.
1141 1362 1332 1406 Longinus
1350 1363 1380 1406 ἕ.
1401 1366 1458 1397 34.
1479 1363 1574 1398 Har-

109 1417 247 1459 pocrat.
265 1415 301 1449 in
319 1417 444 1457 Πύλαι,
461 1415 656 1460 ceterique.
706 1416 799 1461 Ejus
816 1416 1057 1460 fragmentum
1086 1417 1365 1462 pulcherrimum
1384 1429 1573 1453 conserva-

109 1471 161 1504 vit
177 1470 355 1513 Stobaeus,
379 1471 475 1515 quod
502 1472 559 1505 hic
588 1472 937 1515 repraesentavimus.
987 1474 1151 1506 Χαλεπὸν
1175 1476 1237 1517 μὲν
1252 1474 1332 1513 ἰ’σως
1347 1475 1415 1507 ἐστὶ
1434 1476 1511 1513 τοὺς
1535 1475 1573 1507 ἔν

110 1529 180 1566 τοῖς
193 1527 353 1566 τοιούτοις
369 1528 473 1565 ὄντας
490 1528 610 1560 πάθεσι
627 1529 906 1572 παραμυθεῖσθαι·
924 1529 966 1560 τὰ
983 1530 1047 1572 γὰρ
1065 1528 1172 1569 πένθη
1189 1529 1262 1561 οὔτε
1279 1530 1372 1572 λόγῳ
1390 1529 1463 1562 οὔτε
1480 1530 1573 1573 νόμῳ

111 1583 298 1625 κοιμίζεται·
315 1582 391 1614 ἀλλ’
409 1583 430 1622 ὴ
447 1583 543 1626 φύσις
559 1583 698 1615 ἑκάστου
715 1585 769 1615 καὶ
784 1584 876 1626 φιλία
895 1585 979 1626 πρὸς
996 1585 1058 1615 τὸν
1076 1583 1328 1622 τελευτήσαντα
1350 1585 1488 1627 ὁρισμὸν
1506 1585 1574 1627 ἔχει

111 1640 169 1670 τοῦ
186 1638 375 1670 λυπεῖσθαι.
393 1638 480 1680 ὅμως
496 1638 527 1670 δὲ
548 1640 613 1681 χρὴ
640 1637 786 1681 Θαῤῥεῖν,
805 1641 859 1670 καὶ
878 1642 940 1677 τῆς
956 1638 1070 1678 λύπης
1087 1642 1266 1682 παραινεῖν
1284 1640 1329 1678 εἰς
1345 1642 1382 1672 τὸ
1400 1640 1573 1684 ἐνδεχόμε-

113 1701 186 1724 νον·
206 1694 258 1725 καὶ
276 1693 465 1735 μεμνῆσθαι
481 1694 526 1735 μὴ
544 1692 651 1735 μόνον
675 1695 733 1724 τοῦ
752 1693 901 1724 θανάτου
918 1697 987 1725 τῶν
1005 1693 1302 1733 τετελευτηκότων,
1332 1695 1424 1727 ἀλλὰ
1438 1697 1493 1728 καὶ
1510 1699 1572 1735 τῆς

112 1747 246 1790 ἀρετῆς,
264 1743 303 1786 ἧς
316 1748 614 1779 καταλελοίπασιν.
641 1747 679 1778 οὐ
697 1748 761 1789 γὰρ
790 1747 929 1790 θρήνων
959 1748 1036 1783 ἄξια
1067 1748 1292 1787 πεπόνθασιν,
1316 1749 1393 1780 ἀλλ’
1422 1751 1573 1784 ἐπαίνων

108 1801 265 1844 μεγάλων
276 1801 509 1840 πεποιήκασιν.
538 1801 564 1832 εί
580 1800 611 1832 δὲ
626 1801 734 1843 γήρως
744 1803 871 1841 Ιθνητοῦ
888 1804 934 1845 μὴ
948 1802 1123 1845 μετέσχον,
1138 1803 1214 1834 ἀλλ’
1232 1803 1385 1839 εὐδοξίαν
1400 1805 1573 1847 ἀκήρατον

110 1856 296 1898 εἰλήφασιν,
315 1855 507 1898 εὐδαίμονές
523 1867 555 1887 τε
574 1856 734 1898 γεγόνασι
750 1858 834 1888 κατὰ
853 1855 982 1889 πάντα.
1009 1857 1079 1889 ὅσοι
1088 1859 1150 1899 μὲν
1164 1859 1228 1900 γὰρ
1243 1859 1357 1890 αὐτῶν
1365 1859 1508 1897 ἄπαιδες
1521 1872 1573 1892 τε·

110 1910 335 1949 τελευτὴκασι,
353 1909 382 1941 oi
399 1911 491 1953 παρὰ
509 1913 577 1942 τῶν
592 1909 771 1950 Ἑλλήνων
794 1910 928 1943 ἔπαινοι
954 1911 1071 1950 παῖδες
1098 1913 1211 1944 αὐτῶν
1240 1913 1408 1946 ἀθάνατοι
1424 1915 1570 1948 ἔσονται·

109 1964 181 1997 ὅσοι
196 1963 228 1997 δὲ
246 1964 370 2003 παῖδας
386 1965 684 2006 καταλελοίπασιν,
713 1965 733 2004 ἠ
753 1968 816 2005 τῆς
832 1966 994 2011 πατρίδος
1019 1967 1131 2000 εὔνοια
1154 1968 1336 2012 ἐπίτροπος
1359 1971 1475 2009 αὐτοῖς
1502 1975 1572 2003 τῶν

112 2019 242 2052 παίδων
262 2021 520 2060 καταστήσεται,
541 2022 624 2064 πρὸς
640 2020 672 2052 δὲ
689 2021 831 2061 τούτοις,
854 2021 880 2053 εἰ
895 2021 957 2064 μέν
974 2023 1044 2054 ἐστι
1060 2024 1098 2055 τὸ
1116 2023 1307 2056 ἀποθανεῖν
1325 2024 1440 2067 ὅμοιον
1458 2029 1506 2068 τῷ
1521 2029 1568 2069 μή

110 2074 276 2118 γενέσθαι,
302 2074 560 2119 ἀπηλλαγμένοι
576 2076 637 2108 εἰσὶ
662 2076 774 2108 νόσων
790 2078 843 2108 καὶ
860 2076 986 2117 λύπης,
1013 2079 1067 2109 καὶ
1096 2081 1165 2110 τῶν
1188 2078 1306 2111 ἄλλων
1334 2082 1403 2111 τῶν
1426 2092 1571 2124 προσπι-

111 2130 271 2162 πτόντων
282 2130 326 2168 εἰς
336 2132 397 2163 τὸν
408 2130 624 2174 ἀνθρώπινον
638 2131 729 2173 βίον.
744 2131 770 2163 εἰ
788 2131 812 2163 δ’
831 2131 923 2164 ἔστιν
935 2133 1091 2172 αἴσθησις
1103 2134 1140 2165 ἐν
1156 2132 1237 2177 ᾅδου
1251 2135 1305 2167 καὶ
1316 2134 1484 2177 ἐπιμέλεια
1501 2148 1570 2169 πα-

110 2187 152 2228 ρὰ
169 2187 226 2217 τοῦ
246 2184 428 2228 δαιμονίου,
445 2185 557 2229 ὥσπερ
573 2187 874 2230 ὑπολαμβάνομεν,
893 2188 942 2227 εἴη
961 2186 1040 2226 τούς
1058 2191 1132 2227 ταῖς
1148 2191 1260 2232 τιμαῖς
1278 2193 1346 2222 τῶν
1362 2191 1450 2222 θεῶν
1467 2203 1570 2224 κατα-

111 2241 289 2284 λυομέναις
313 2241 558 2282 βοηθήσαντας
584 2243 746 2283 πλείστης
768 2243 981 2286 εὐδαιμονίας
1007 2244 1074 2276 ὑπὸ
1098 2247 1156 2276 τοῦ
1177 2244 1347 2288 δαιμονίου
1373 2247 1571 2289 τυγχάνειν.

110 2294 224 2328 Serm.
239 2293 435 2327 CXXIII.
485 2294 665 2335 Quoniam
683 2298 802 2328 autem
818 2296 862 2329 de
878 2296 1049 2329 Isocratis
1063 2295 1205 2330 funebri
1219 2296 1381 2331 oratione
1397 2300 1571 2333 nonnulla

110 2349 155 2383 ab
173 2349 345 2394 Antiquis
368 2350 548 2383 memoriae
565 2350 779 2394 prodantur;
807 2354 915 2395 atque
932 2351 1131 2386 etiamnum
1155 2354 1290 2394 exstet,
1320 2364 1401 2397 quae
1433 2354 1571 2389 Demo-

111 2404 227 2438 stheni
244 2416 265 2438 a
280 2403 499 2449 quibusdam
517 2405 734 2447 attribuitur,
752 2406 797 2439 de
811 2406 854 2439 iis
866 2407 1051 2450 nonnulla,
1066 2406 1129 2441 sed
1147 2406 1303 2441 breviter
1319 2411 1355 2441 et
1369 2410 1568 2445 succincte.

110 2459 309 2494 Isocratem
327 2461 363 2493 έν
378 2460 563 2503 Ἐπιταφίῳ
579 2459 645 2503 (ita
659 2461 767 2502 enim,
782 2471 855 2495 non
874 2462 1068 2506 Σωκράτην,
1083 2461 1300 2506 quibusdam
1314 2463 1433 2506 legere
1449 2465 1571 2508 placet

110 2514 242 2559 magis)
269 2515 394 2548 laudat
417 2515 631 2549 Aristoteles
654 2515 800 2549 Rhetor.
817 2516 848 2549 Ι.
868 2520 902 2551 9.
929 2519 967 2550 et
991 2516 1066 2550 III.
1081 2520 1136 2551 14.
1188 2517 1282 2558 Quae
1301 2517 1331 2552 si
1348 2520 1466 2553 valeat
1486 2530 1571 2553 eon-

102 2569 260 2613 jectura,
273 2568 531 2613 intelligendus
548 2572 603 2603 est
615 2569 828 2604 Aristoteles
843 2571 887 2604 de
905 2572 1080 2615 oratione,
1093 2581 1203 2617 quam
1220 2572 1256 2606 iu
1271 2572 1395 2607 funere
1407 2573 1569 2608 Mausoli

112 2624 228 2658 Cariae
245 2625 339 2667 regis
355 2624 483 2658 habuit
498 2624 693 2667 Isocrates,
706 2626 940 2660 confirmante
958 2627 1088 2669 Gellio,
1108 2627 1162 2662 X.
1179 2629 1234 2661 18.
1253 2629 1274 2645 “
1291 2627 1337 2661 Id
1354 2638 1568 2662 monumen-

109 2680 190 2712 tum
206 2679 399 2713 Artemisia
415 2690 530 2724 quum
545 2679 624 2713 Diis
641 2681 817 2714 Manibus
831 2681 993 2715 Mausoli
1009 2681 1161 2722 dicaret,
1176 2684 1295 2726 ἀγῶνα
1307 2683 1473 2716 laudibus
1489 2683 1567 2727 ejus

110 2733 276 2768 dicundis
288 2734 385 2775 facit,
397 2735 572 2779 ponitque
588 2737 736 2779 praemia
749 2737 912 2780 pecuniae
928 2737 1151 2782 aliarumque
1167 2749 1284 2772 rerum
1304 2738 1480 2772 bonarum
1493 2748 1568 2771 am-

110 2787 282 2831 plissima.
333 2788 393 2823 Ad
408 2800 468 2823 eas
487 2791 605 2824 laudis
631 2791 867 2825 decertandas
884 2792 1024 2825 venisse
1043 2792 1213 2826 dicuntur
1229 2793 1293 2827 viri
1310 2792 1448 2826 nobiles
1466 2792 1566 2835 inge-

112 2842 173 2875 nio
198 2845 307 2888 atque
337 2844 459 2887 lingua
486 2844 692 2888 praestabili,
722 2845 992 2890 Theopompus,
1013 2846 1253 2890 Theodectes,
1277 2847 1468 2880 Nauerites
1495 2845 1566 2891 (rc—

113 2896 228 2931 scribe
245 2897 475 2944 Naucrates).
526 2901 622 2935 Sunt
641 2900 761 2941 ctiam,
779 2901 839 2945 qui
859 2901 1057 2936 Isocratem
1076 2903 1193 2947 ipsum
1217 2913 1300 2936 cum
1320 2902 1361 2934 iis
1376 2903 1567 2937 certavisse
