1839 3229
236 183 317 225 134
804 185 839 227 Ι.
872 183 1135 226 TAYLORI

852 414 987 456 GAP.
1020 414 1080 463 X„

147 522 210 553 '705
225 527 284 558 Jus
305 527 444 559 Atticum
471 529 712 559 commendatur.
759 528 953 559 promittitur
980 528 1226 559 Commentarius
1255 529 1294 558 de
1318 528 1480 568 republica
1503 529 1696 560 Atheniensi.

269 579 427 610 Nonnulla
443 580 644 610 observantur
656 580 695 609 ad
707 589 772 609 eam
786 590 850 610 rem
868 581 1051 620 spectantia.
1096 581 1306 611 Emendantur
1319 579 1528 620 Harpocratio
1543 585 1575 611 et
1587 581 1703 621 Hesyr

270 630 371 661 chius.

226 725 268 758 Si
297 724 470 767 scriptor,
498 735 606 768 quem
634 724 742 758 hodie
770 735 841 758 non
876 725 1003 758 minori
1031 725 1103 758 fere
1129 737 1177 759 ex
1202 726 1424 760 obscuritate
1449 725 1692 767 vindicamus,

225 790 334 824 quam
348 779 554 821 Manutius,
569 779 631 824 qui
651 780 747 824 typis
764 780 948 822 evulgavit
966 780 1112 823 primus,
1132 791 1180 814 ex
1198 791 1320 814 eorum
1341 791 1491 814 numero
1509 781 1614 820 esset,
1631 778 1694 823 qui

224 835 270 868 ob
291 835 465 868 sermonis
483 835 699 878 elegantiam
718 837 753 868 et
777 835 934 868 colorem
953 835 1136 879 quendam
1155 836 1336 877 orationis,
1352 836 1510 870 sterilem
1529 838 1566 868 et
1582 834 1693 868 infru-

224 892 387 923 ctuosam
409 889 691 922 delectationem
718 890 945 923 solummodo
970 890 1202 934 impertiant;
1230 901 1288 924 13ae
1314 902 1382 933 ego
1399 890 1430 925 is
1444 901 1515 924 non
1534 890 1696 932 fuissem,

224 945 285 988 qui
304 948 426 977 tantos
444 944 585 977 labores
603 945 638 977 in
657 945 875 989 expoliendo
893 946 1112 979 insumerem
1130 957 1138 979 ;
1163 945 1308 979 Nullius
1319 945 1448 979 fuisset
1462 948 1565 979 tanta
1580 945 1616 979 in
1634 955 1692 979 me

224 1000 431 1040 auotoritas,
449 1002 490 1033 ut
512 1000 730 1043 Scriptorem
754 1001 972 1042 evolverem,
992 1004 1218 1043 excuterem,
1245 1000 1466 1044 evulgarem7
1486 1001 1549 1045 qui
1571 1010 1692 1045 neque

222 1054 364 1088 civilem
383 1055 492 1088 vitam
519 1054 726 1097 emendare,
745 1067 865 1100 neque
890 1055 1126 1089 domesticam
1151 1066 1276 1089 ornare
1294 1055 1482 1100 potuisset.
1530 1055 1693 1089 Tantum

222 1119 343 1153 neque
357 1109 449 1149 ocio,
461 1110 559 1153 quod
577 1109 662 1143 mibi
679 1110 867 1143 minimum
883 1113 949 1152 cst,
964 1121 1083 1155 neque
1097 1122 1178 1143 mea
1190 1110 1226 1143 in
1242 1110 1355 1143 literis
1371 1109 1597 1150 auctoritate,
1607 1120 1690 1154 quae

221 1163 372 1197 sortasse
390 1163 506 1197 minor
524 1165 591 1205 est,
611 1163 757 1197 fuissem
778 1164 924 1199 abusus.
973 1165 1101 1198 Habet
1116 1165 1211 1198 enim
1238 1164 1510 1209 quodammodo
1530 1163 1690 1209 discipli-

222 1228 269 1251 na
286 1221 409 1252 nostra
427 1219 652 1252 auctoritatis
669 1218 885 1261 imaginem:
913 1221 968 1252 est
985 1221 1152 1263 qnaedam
1171 1220 1206 1253 in
1226 1219 1532 1264 recognoscendis
1548 1218 1691 1264 expoli-

220 1272 399 1317 endisque
427 1274 634 1307 auctoribus
665 1274 933 1307 commendatio
963 1285 1100 1316 eorum,
1125 1285 1216 1319 quos
1242 1274 1470 1318 expolimus:
1499 1276 1608 1319 atque
1639 1285 1692 1307 ar-

220 1329 295 1361 tem
312 1328 533 1372 profitemur,
550 1329 713 1362 maxima
730 1330 815 1363 licet
834 1340 879 1362 cu
889 1340 921 1362 m
940 1330 1144 1373 severitate,
1158 1331 1482 1371 nonnullatamen,
1496 1329 1564 1363 bac
1579 1331 1691 1370 certe,

219 1395 306 1418 cum
324 1384 502 1428 dignitate
517 1384 785 1428 conjunctam.1
814 1384 852 1419 Si
872 1385 958 1429 quid
977 1384 1088 1428 igitur
1114 1385 1193 1421 haec
1224 1387 1345 1418 nostra
1377 1382 1510 1418 edendi
1538 1383 1630 1417 ratio
1654 1383 1691 1416 in

219 1450 257 1473 se
271 1439 405 1473 habeat
418 1439 572 1483 consilii,
588 1439 771 1473 studiosus
789 1451 933 1483 semper
949 1440 1013 1480 fui,
1031 1442 1070 1472 ut
1084 1430 1179 1472 istud
1198 1439 1453 1483 qualecunque
1471 1437 1611 1472 consilii
1625 1437 1688 1471 ali-

221 1506 334 1541 quam
358 1496 468 1529 etiam
495 1496 702 1530 contineret
727 1495 937 1529 utilitatem.
989 1495 1163 1529 Omnium
1183 1494 1360 1537 gentium,
1379 1504 1461 1537 quae
1479 1493 1638 1526 moribus
1654 1495 1692 1526 et

218 1551 360 1594 legibus
378 1552 514 1592 vixere,
543 1562 586 1584 ea
613 1562 755 1595 semper
781 1548 1063 1594 prudentissima
1091 1549 1304 1591 habebatur,
1322 1549 1357 1582 in
1375 1548 1482 1592 cujus
1500 1547 1692 1592 disciplina

218 1608 255 1640 et
272 1608 380 1639 natus
397 1610 434 1638 et
452 1606 631 1639 educatus
651 1608 706 1639 cst
734 1606 893 1648 Scriptor
920 1607 1054 1637 noster.
1106 1604 1214 1644 Quod
1236 1603 1263 1636 si
1292 1603 1455 1646 Lysiam,
1473 1601 1691 1636 Demosthe·

217 1672 316 1701 nem,
334 1663 549 1704 ceterosque
569 1660 654 1693 Fori
672 1660 863 1703 scriptores
879 1660 1039 1692 Fortuna
1054 1659 1156 1691 nobis
1175 1668 1244 1691 non
1265 1660 1529 1700 conservasset,
1548 1657 1609 1701 qni
1621 1667 1690 1691 sae-

217 1725 416 1760 penumero
434 1715 592 1748 solennis
609 1714 734 1757 legum
756 1713 928 1746 formulas
960 1717 1068 1757 atquo
1097 1714 1173 1757 ipsa
1192 1713 1300 1746 verba
1326 1712 1487 1757 legitima
1503 1713 1692 1756 produxe-

217 1773 312 1811 runt,
329 1769 508 1814 producta
521 1769 755 1810 illustrarunt,
768 1769 1035 1801 celeberrimam
1051 1769 1156 1801 istam
1172 1768 1413 1812 disciplinam,
1430 1771 1539 1812 atque
1553 1767 1690 1802 Atticae

217 1825 406 1869 sapientiae
425 1825 619 1868 imaginem
635 1824 671 1857 in
690 1823 986 1866 Jurisprudentia
1002 1823 1229 1857 solummodo
1249 1824 1417 1857 Romana
1440 1823 1690 1857 adumbratam

217 1881 448 1915 vidissemus.
499 1879 638 1913 Verum
665 1879 863 1922 precariam
893 1878 998 1911 istam
1031 1878 1072 1911 P.
1091 1878 1137 1911 A.
1166 1878 1317 1920 gloriam
1345 1878 1489 1911 abunde
1513 1877 1691 1911 recreavit

218 1945 371 1969 suorum
385 1934 579 1967 Oratornm
594 1933 750 1974 fortuna,
769 1943 853 1976 quae
871 1932 1101 1976 aliquatenus
1113 1932 1330 1966 oblivionem
1344 1932 1537 1976 superavit.
1590 1932 1690 1966 Lau-

220 1990 349 2023 dabilis
376 1989 443 2022 fuit
467 1990 503 2023 S.
522 1989 631 2022 Potiti
649 1988 840 2029 industria,
867 1987 929 2030 qui
956 1986 1062 2020 istius
1086 1986 1391 2031 Jurisprudentiae
1412 1986 1597 2029 naufragia
1614 1987 1688 2021 sin-

220 2045 337 2089 gulari
348 2047 385 2078 et
401 2044 541 2078 erudito
558 2043 817 2077 commentario
833 2043 1049 2086 complexus
1064 2045 1130 2076 est.
1182 2042 1346 2076 Multum
1362 2042 1487 2076 adhoc
1499 2052 1691 2085 argumen-

221 2104 299 2134 tum
318 2099 572 2133 illustrandnm
591 2099 723 2143 passim
743 2097 897 2131 contulit
913 2097 965 2130 vir
982 2096 1205 2130 incredibilis
1222 2097 1433 2131 eruditionis
1458 2098 1476 2130 ὁ
1491 2097 1599 2142 μέγας
1613 2098 1692 2133 Sal-

222 2155 368 2196 masius,
387 2153 450 2198 qui
468 2165 587 2198 neque
606 2154 714 2196 fama,
736 2163 855 2197 neque
873 2152 1009 2185 meritis
1034 2152 1144 2185 Petiti
1170 2152 1363 2186 deterritus
1387 2162 1516 2185 novam
1534 2155 1572 2186 et
1592 2152 1686 2187 inte-

222 2221 322 2255 gram
340 2208 687 2243 commentationem
713 2209 758 2241 de
778 2208 856 2241 LL.
876 2206 1009 2241 Atticis
1027 2208 1063 2240 in
1083 2207 1203 2240 animo
1221 2206 1479 2241 meditabatur.
1529 2207 1691 2243 Medita-

222 2266 331 2300 batur
348 2276 494 2310 quoque
519 2264 572 2298 vir
589 2258 819 2298 doctissimus
848 2262 897 2296 H.
922 2262 1100 2302 Valesius,
1127 2263 1274 2306 aliique,
1303 2273 1457 2306 quorum
1482 2262 1545 2306 qui
1563 2262 1692 2298 merita

222 2332 295 2354 non
320 2322 498 2364 ignorant,
532 2320 738 2353 interventa
764 2318 916 2352 consilia
943 2320 1131 2362 tantaeque
1161 2320 1198 2350 et
1225 2321 1299 2350 tam
1326 2317 1450 2351 solidae
1479 2317 1691 2352 eruditionis

217 2376 401 2420 jacturam
428 2385 575 2408 mecum
599 2374 764 2418 quotidie
791 2373 930 2407 dolent.
980 2373 1098 2407 Fuere
1129 2375 1250 2405 autem
1277 2372 1308 2406 Ι.
1336 2373 1427 2406 Phil.
1457 2372 1688 2415 Maussacus,

223 2430 387 2464 eruditus
405 2432 669 2463 commentator
689 2428 998 2472 HarpocratiouiS.
1050 2428 1136 2461 Vid.
1167 2427 1211 2460 ad
1230 2440 1260 2461 v.
1282 2428 1519 2472 Ποόοστράβη,
1538 2429 1574 2460 et
1592 2431 1689 2473 Περί-

222 2488 340 2525 πολος.
392 2485 625 2526 Lambecius,
641 2487 683 2517 ut
700 2496 749 2518 ex
767 2483 845 2527 ejus
864 2484 1042 2517 Prodomo
1061 2483 1186 2528 liquet.
1236 2482 1417 2526 ,Iosephus
1435 2483 1609 2526 Scaliger,
1624 2494 1689 2517 cu-

217 2541 279 2584 jus
304 2541 481 2574 Collectio
507 2542 623 2584 Legg.
653 2541 859 2574 Atticarum
887 2539 1024 2573 inedita
1047 2540 1258 2573 servabatur
1286 2539 1323 2571 in
1350 2538 1445 2572 Bibl.
1472 2538 1687 2573 Academia?

221 2596 591 2640 Lugduno-Batavae.
622 2595 704 2629 Vid.
726 2596 878 2629 Salmas.
896 2595 927 2629 Ι.
948 2594 1070 2638 Epist.
1092 2596 1171 2628 120.
1221 2593 1278 2627 Ea
1294 2604 1380 2626 usus
1397 2596 1453 2626 est
1468 2593 1622 2636 Petitus,
1641 2594 1686 2629 G.

222 2651 404 2686 Critonius
426 2650 615 2685 Professor
626 2651 718 2693 Reg.
735 2651 845 2684 Paris.
864 2650 970 2692 cujus
990 2650 1159 2684 Praefatio
1176 2650 1213 2682 in
1231 2649 1412 2683 Draconis
1429 2651 1466 2681 et
1482 2648 1623 2682 Solonis
1636 2649 1687 2682 le-

221 2718 285 2750 ges
303 2707 410 2740 estin
423 2706 514 2739 Cod.
533 2705 615 2739 MS.
633 2705 847 2739 CDXLIX
867 2705 1041 2738 Bibliotb.
1062 2705 1253 2739 Caesareae.
1293 2704 1354 2738 Ex
1369 2703 1525 2748 antiquis
1541 2704 1685 2748 scripsit

221 2761 430 2796 Demetrius
452 2761 649 2795 Phalereus
665 2763 740 2804 περὶ
762 2764 834 2800 ’τῆς
861 2762 897 2793 ἐν
915 2759 1083 2804 Ἀθήνῃσι
1099 2762 1311 2804 νομοᾶεσὶας.
1362 2759 1409 2793 V.
1428 2759 1537 2802 Diog.
1559 2759 1682 2795 Laert-

220 2817 404 2860 Harpocr.
424 2817 462 2850 in
481 2817 626 2860 Ἔρκεῖος
645 2817 724 2854 Ζεὺς
742 2817 778 2848 et
797 2815 1030 2858 Παράστασις.
1082 2815 1274 2848 Laudatur
1291 2814 1394 2847 istius
1412 2814 1530 2858 operis
1546 2814 1636 2849 liber
1651 2820 1686 2851 3.

222 2882 244 2904 a
259 2871 359 2905 Suid.
376 2874 413 2905 et
429 2871 610 2914 Harpocr.
626 2870 662 2904 iu
678 2871 896 2913 Σκαφηφόροι.
936 2869 982 2902 Ιι]
1010 2868 1151 2902 Solonis
1174 2869 1324 2908 ’Ἄξονας
1354 2868 1530 2913 scripsere
1557 2870 1684 2915 utique

221 2925 449 2966 Aristoteles,
477 2925 670 2965 Seleucus,
696 2923 891 2967 Didymus.
941 2922 1085 2956 Citatur
1107 2923 1345 2967 Apollodorus
1363 2925 1399 2958 ἐν
1412 2926 1458 2967 βψ
1484 2927 1559 2969 περὶ
1583 2939 1685 2970 νομο-

221 2982 329 3014 θετῶν
347 2992 367 3014 a
391 2980 538 3015 Laertio
555 2980 590 3014 in
608 2979 750 3014 Solone.
802 2981 881 3023 Περὶ
907 2980 1097 3022 νομοθετῶν
1115 2978 1256 3022 scripsit
1283 2978 1571 3024 Theophrastus,
1591 2984 1632 3014 ut
1647 2980 1687 3013 li-
