1819 3219
542 180 874 223 LECTIONES
910 181 1194 222 LYSIACAE.
1504 184 1583 226 149

806 325 921 359 xm.

147 414 181 444 o,
196 413 233 437 T1
258 413 326 438 ΒΑΝ
342 413 399 437 ’rix
427 412 618 442 ΑΠοΛΕΣΗι,
636 412 701 436 EAN
723 411 793 435 ΜΕΝ
811 410 911 434 Αγτο
934 410 1042 433 ΛΑΒΗι
1064 409 1135 433 THN
1159 408 1360 434 AmAAzlAN
1382 409 1587 436 KATAAnm-

189 456 277 480 ΖΜΝ4
296 456 364 480 EAN
381 455 426 479 ΔΕ
445 456 497 479 ΜΗ
512 456 583 479 THN
601 451 862 496 AEKAHAAQN
878 453 970 477 ΠΡΟΣ
987 452 1070 476 ”solz
1094 451 1285 476 ΕΠΑῙΤΙΟῙΣ·
1303 452 1482 477 ΔΕΔΕΣΘΑΙ
1499 448 1532 478 Δ“
1547 456 1586 479 EN

186 499 248 522 ’rm
264 498 502 523 HOAOKAKKHl
521 498 593 522 TON
609 498 711 522 ΠοΔΑ
732 497 827 521 ΠΕΝΘ
852 496 994 520 ΗΜΕΡΑΣ
1012 495 1072 519 KAI
1092 494 1238 518 ΝὙΚΤΑΣ
1257 493 1340 519 ΙΣΑΣ
1359 495 1425 519 ΒΑΝ
1440 496 1587 521 ΠΡοΣτι-

187 542 297 566 ΜΗΣΗ]
315 542 337 565 H
354 542 481 565 HAIAIA
495 540 774 565 ΠΡοΣτιΜΑΣΘΑι
788 540 833 564 ΔΕ
848 539 920 563 τοΝ
932 537 1177 563 BOTAOMENON
1189 538 1289 562 οΤΑΝ
1304 538 1384 563 ΠΕΡΙ
1396 538 1471 563 ΤΟΥ
1483 539 1588 563 TlMH-

164 594 166 596 v
188 584 316 608 ΜΑτοΣ
334 585 379 608 HI.

147 646 286 680 Primus
301 645 356 678 hic
375 646 512 679 restitui
531 645 764 688 ποδοκάκκῃ
783 655 846 688 pro
862 645 1039 688 ποδοκάκῃ.
1066 643 1167 677 Mate
1183 642 1238 676 hic
1253 653 1398 686 quoque
1415 642 1450 676 in
1469 642 1588 677 Editis
1619 662 1622 666 ·

147 699 269 742 Lysiae
287 709 321 743 p.
346 702 426 733 356.
451 700 516 733 ult.
540 710 602 742 pro
630 700 753 743 ἡμέρας
771 699 882 740 πέντε,
905 699 1028 743 ἡμέρας
1047 698 1135 739 δέκα,
1159 701 1194 730 et
1211 708 1272 741 pro
1292 699 1351 731 ἐὰν
1368 700 1429 741 μὲν
1452 710 1589 742 προστι-

143 755 247 799 μήσῃ,
264 756 324 787 ἐὰν
339 758 385 798 μὴ
405 755 607 799 προτιμήσῃ.
655 754 790 787 Exstat
806 754 942 797 integra
961 754 1040 787 Lex
1060 753 1154 797 apud
1175 752 1363 786 Demosth.
1383 763 1414 787 c.
1428 753 1587 787 Timoer.

146 809 240 842 unde
266 809 454 853 descripsit
474 809 615 843 Petitus
640 809 684 841 L.
706 811 739 842 7.
763 809 836 842 Tit.
855 812 889 841 5.
909 809 953 842 de
974 807 1107 841 Funis.
1157 807 1253 841 Nam
1279 808 1323 841 de
1346 807 1442 841 Fure
1460 807 1589 841 diurno

145 863 272 906 agitur,
289 874 395 908 quem
416 863 622 909 duplipoena
640 862 809 896 vindicari
825 863 935 895 voluit
951 862 1045 902 Solo,
1064 866 1102 895 ut
1120 861 1290 895 discimus
1308 872 1354 895 ex
1373 861 1491 896 Gellio
1509 862 1585 896 XI.

148 920 202 952 18.
252 918 433 951 Posterius
462 918 676 957 membrum,
703 917 800 961 quod
826 917 939 950 solum
967 917 1064 960 apud
1090 917 1234 959 Lysiam
1260 917 1401 960 legitur,
1419 917 1588 961 explicat,

145 974 323 1016 qnatenus
348 983 398 1005 sc.
424 983 487 1016 per
513 972 643 1005 menda
666 972 799 1017 potuit,
818 971 911 1005 idem
939 970 1078 1004 petitus
1104 971 1147 1005 11.
1171 974 1204 1006 4.
1231 971 1304 1005 Tit.
1332 974 1363 1005 9.
1390 971 1434 1005 de
1457 971 1587 1015 poenis,

143 1029 241 1060 ratus
257 1026 401 1060 alterius
419 1027 506 1070 legis
522 1027 759 1070 fragmentum
778 1037 867 1059 esse.
918 1025 1023 1067 Quod
1043 1035 1146 1058 secus
1162 1029 1227 1059 est.

190 1082 359 1126 Sequitur

144 1156 342 1182 ΕΠΕΓΓΎΑῙΝ
367 1157 643 1182 ΕΠΙΟΡΚΗΣΑΝΤΑ
667 1157 739 1182 'ron
772 1156 942 1182 ΑΠΟΛΛΩ·
970 1156 1133 1182 ΔΕΔιοτΑ
1160 1156 1205 1181 ΔΕ
1230 1156 1337 1181 ΔΙΚΗΣ
1361 1156 1472 1181 ENEKA
1498 1158 1586 1183 ΔΡΑ-

188 1200 350 1224 ΣΚΑΖΕῘΝ.

167 1253 257 1288 Fide
262 1253 384 1299 jubeto
389 1253 536 1299 juratus
548 1253 745 1299 Apollinem
758 1253 953 1300 —fugerit
969 1253 1034 1288 sibi
1046 1259 1199 1288 metuens
1216 1252 1287 1287 litis
1302 1265 1414 1288 causa.
1464 1254 1571 1288 Petit.

143 1316 262 1351 Nemo
281 1328 329 1350 ex
351 1316 405 1350 his
428 1327 571 1350 sensum
589 1317 720 1351 elicere
737 1317 863 1361 quivit.
913 1317 1059 1351 Memor
1076 1319 1154 1351 esto
1175 1317 1322 1360 Lysiam
1341 1317 1376 1350 in
1396 1317 1428 1350 h.
1449 1317 1528 1351 loco
1550 1328 1585 1361 p.

142 1374 222 1406 359.
241 1373 274 1404 5.
292 1381 362 1404 non
380 1371 477 1414 leges
494 1371 537 1405 ad
553 1382 660 1405 usum
678 1371 854 1405 forensem
873 1372 995 1415 citare,
1008 1383 1132 1406 verum
1151 1372 1271 1415 legum
1288 1372 1491 1416 particulas,
1506 1382 1587 1416 quae

143 1425 347 1469 antiquatas
371 1426 508 1470 aliquas
534 1428 570 1459 et
593 1429 772 1460 vetustate
799 1426 934 1460 obsitas
960 1427 1187 1461 continerent
1214 1426 1382 1471 loquendi
1406 1426 1586 1462 formulas.

142 1480 202 1523 Ita
217 1479 254 1513 in
274 1480 447 1525 superiori
465 1481 652 1522 ποδοκάκκη
669 1483 744 1515 crat
767 1481 904 1525 Soloni,
921 1482 1017 1526 quod
1041 1481 1078 1515 in
1099 1482 1220 1525 Lysiae
1243 1484 1350 1515 aetate
1376 1482 1412 1515 ἐν
1431 1484 1479 1525 τῷ
1499 1483 1588 1525 ξύλῳ

145 1535 303 1569 δεδέσθαι.
333 1535 404 1569 Hic
422 1537 667 1581 ἐπιορκήσαντα
684 1540 738 1571 est
752 1539 881 1582 ὀμόσαι,
898 1540 934 1571 et
952 1538 1145 1582 δρασκάζειν
1162 1537 1426 1582 ἀποδιδράσκειν.
1461 1536 1588 1571 Habes

145 1602 227 1636 ergo
245 1593 396 1626 duarum
411 1593 528 1635 legun]
546 1592 755 1636 fragmenta.
795 1625 796 1628 ,

806 1701 916 1735 xlv.

477 1784 674 1809 ΕΠΕΓΓΎΑῙΝ
692 1785 968 1812 ΕΠΙΟΡΚΗΣΑΝΤΑ
984 1787 1057 1811 ΤΟΝ
1074 1787 1246 1812 Amorum..

531 1963 694 1989 ΔΕΔῙΟΤΑ
713 1964 820 1988 ΔῙΚΗΣ
837 1963 949 1987 ENEKA
968 1963 1206 1989 ΔΡΑΣΚΑΖΕΙΝ.

189 2024 384 2068 Spectabat
400 2024 549 2059 fortasse
569 2024 636 2058 hoe
661 2029 881 2069 postremum
901 2025 943 2058 ad
968 2026 1219 2059 solennitatem
1240 2024 1367 2068 judicii
1390 2026 1586 2071 Areopagi-

142 2078 216 2120 tiei,
229 2079 291 2111 ubi
310 2079 410 2113 Reus
427 2081 506 2122 post
523 2079 673 2122 priorem
692 2079 934 2112 defensionem
953 2081 1053 2123 (nam
1072 2080 1126 2113 bis
1140 2079 1258 2113 dicere
1276 2080 1408 2124 potuit)
1421 2082 1448 2114 si
1467 2092 1586 2115 causae
1604 2092 1669 2121 716

142 2143 217 2166 suae
237 2133 432 2175 diffidebat,
448 2136 526 2167 tuto
544 2144 580 2166 se
596 2133 682 2177 fuga
699 2134 884 2167 subduxit.
926 2137 993 2168 Τὸν
1009 2136 1171 2179 πρότερον
1185 2136 1311 2172 ἔξεστιν
1328 2137 1467 2169 εἰπόντα
1482 2138 1588 2181 λόγον

141 2191 358 2232 μεταστῆναι·
377 2190 430 2220 καὶ
451 2189 517 2221 οὗθ’
534 2189 551 2220 ὸ
568 2188 692 2222 διώκων
709 2190 775 2222 οὔθ’
793 2190 821 2221 οὶ
839 2189 1040 2229 δικάζοντες,
1060 2190 1125 2223 οὔτ’
1147 2191 1259 2223 ἄλλων
1277 2191 1468 2234 ἀνθρώπων
1484 2191 1590 2231 οὐδεὶς

142 2243 251 2286 κύριος
267 2244 420 2276 κωλῦσαι.
459 2241 648 2276 Demosth.
668 2254 700 2278 c,
718 2243 889 2276 Aristocr.
911 2243 1007 2277 Add.
1030 2244 1119 2277 Poll.
1139 2244 1253 2278 VIII.
1279 2247 1312 2278 9.
1334 2244 1391 2278 tii.
1419 2248 1491 2290 περὶ
1513 2251 1589 2280 Πω-

142 2299 268 2338 λητῶν.
298 2300 335 2331 ct
359 2297 475 2330 VIII·
502 2299 556 2331 10.
584 2299 663 2331 init.
717 2298 827 2342 Apud
854 2298 954 2332 Suid.
985 2299 1021 2331 in
1045 2299 1105 2333 Ἐν
1128 2301 1198 2342 ἅλῳ
1222 2300 1416 2344 δρασκάζειν
1442 2311 1516 2333 vox
1545 2311 1589 2334 ea

143 2351 339 2394 exponitur
373 2351 522 2385 latitare.
552 2351 662 2395 Apud
694 2351 853 2395 Hesych.
889 2356 1084 2398 utrumque
1111 2356 1148 2387 ct
1176 2353 1349 2399 aufugere
1378 2356 1415 2387 ct
1439 2353 1588 2396 latitare,

144 2407 347 2450 Δρασκάζειν
378 2407 596 2451 κρύπτεσθαι,
626 2407 890 2452 ἀποδιδράσκειν.
943 2408 1091 2452 Corrige
1123 2408 1278 2443 eundem
1308 2409 1345 2442 in
1370 2410 1586 2455 Δραγκάζειν,

143 2462 314 2505 κρύπτειν,
331 2462 354 2496 i.
375 2472 407 2496 e.
425 2462 639 2506 Δρασκάζέιν.

810 2545 923 2607 Χνιζ

325 2657 432 2683 ΟΣΤΙΣ
453 2657 626 2683 ΑΠῈΙΔΛΗῙ
641 2658 705 2683 ΤΗΙ
721 2658 833 2683 ΘΎΡΑῙ
849 2658 967 2684 ΕΝΔΟΝ
983 2659 1059 2685 ΤΟΥ
1073 2659 1249 2686 ΚΛΕΠΤΟΥ
1265 2660 1395 2685 ΟΝΤΟΣ.

364 2726 567 2772 Quicunque
583 2739 604 2761 α
610 2727 725 2773 janua
737 2727 967 2774 prohibuerit,
984 2731 1138 2775 cumfur
1149 2731 1243 2766 intus
1257 2737 1352 2766 esset.

143 2794 252 2839 Vulg.
271 2798 416 2843 ἀπίλλῃ,
432 2809 468 2843 p.
491 2801 573 2834 359.
592 2800 655 2833 ult.
676 2801 773 2845 quod
793 2801 1079 2837 emendavimus.
1130 2803 1282 2837 Furtum
1301 2803 1415 2837 facere
1429 2801 1584 2844 videtur,

144 2848 205 2892 qui
217 2849 286 2884 suri
302 2851 440 2887 exitum
457 2856 495 2888 et
511 2854 661 2888 salutem
679 2858 794 2899 parat,
812 2858 948 2891 ceteros
966 2867 986 2891 a
1001 2857 1135 2891 foribus
1153 2858 1320 2892 arcendo.
