1839 3229
253 197 310 240 40
797 197 989 241 LYSIAE
1017 198 1178 241 VITA.

254 302 431 352 protinus
463 303 738 355 designandos,
770 305 838 356 qui
870 305 1010 356 singuli
1037 311 1169 344 ternos
1197 304 1269 343 sibi
1294 309 1526 356 coeptantes
1556 304 1707 355 imperii

253 375 443 403 summam
463 365 779 404 administrarent
798 379 888 404 cum
908 380 1054 405 summa
1073 365 1334 418 potestate.”*
1390 366 1450 403 Ita
1468 370 1708 405 commutata

252 433 312 465 est
331 428 462 478 Resp.,
489 428 614 466 soluta
634 428 769 479 populi
796 428 1042 475 auctoritate,
1065 435 1104 467 et
1123 429 1172 467 ab
1193 428 1250 466 his
1271 426 1525 466 CCCC-viris
1550 426 1708 466 tractari

253 489 389 539 coepit.

306 551 515 601 Imperium
538 550 613 588 hoc
636 550 754 588 modo
780 550 1032 589 constitutum
1051 550 1366 590 administrarunt
1387 549 1559 588 homines
1582 548 1708 588 diver-

253 611 410 648 sissimis
428 611 580 657 studiis,
597 617 635 650 et
649 612 736 649 vitae
751 624 892 662 genere
909 618 948 650 et
968 612 1145 651 instituto
1164 613 1277 663 longe
1293 612 1393 650 inter
1412 624 1453 650 se
1470 611 1578 662 ipsos
1594 611 1707 650 dissi·
1728 618 1733 622 '

252 672 345 710 mili.
379 673 437 709 Ex
452 673 587 711 horum
605 686 766 712 numero
785 679 896 712 erant
909 673 1076 715 XXX.†
1094 674 1151 712 illi
1166 674 1249 720 viri,
1262 673 1708 725 quorumicrudelitatem

254 734 368 773 VIII.
389 740 478 784 post
493 747 595 772 anno
608 736 747 773 iterum
767 739 938 785 expertae
959 741 1049 773 sunt
1067 735 1246 775 Athenae.
1302 736 1424 774 Erant
1441 735 1556 774 etiam
1576 734 1709 774 mode-

252 796 326 833 rati
348 795 537 842 nonnulli,
567 809 667 847 quos
696 809 774 834 non
804 796 1030 834 dominandi
1055 796 1204 843 lubido,
1234 798 1298 836 sed
1330 797 1466 848 patriae
1490 796 1710 835 communis

253 870 373 904 amor,
392 870 440 895 ne
459 858 614 908 penitus
634 858 831 898 deleretur
848 859 996 906 civitas,
1024 859 1152 911 siquid
1176 873 1246 898 suo
1264 860 1427 900 consilio
1446 860 1598 899 efficere
1617 872 1710 911 pos-

251 926 352 967 sent,
373 921 423 959 ad
443 921 593 972 imperii
608 922 836 961 societatem
847 923 1033 962 invitavit.

251 984 352 1032 ὑμᾶς
371 986 421 1035 τῷ
442 985 599 1034 ὀνόματι
618 988 667 1037 τῷ
687 992 762 1024 τῶν
780 989 1039 1037 τετρακοσίων,
1070 988 1174 1024 ἀλλὰ
1197 991 1273 1030 τοῖς
1296 986 1421 1038 ἔργοις
1441 987 1561 1025 ἐνίων.
1588 988 1624 1025 οἳ
1640 986 1712 1039 μὲν

1089 922 1148 962 Οὔ
1164 940 1225 975 μοι
1241 924 1334 962 δοκεῖ
1346 933 1480 977 χρῆναι
1494 923 1711 976 ὀργίζεσθαι

253 1047 327 1096 γὰρ
344 1043 682 1093 ἐπιβουλεύσαντες
700 1046 800 1094 ἦσαν
816 1049 950 1092 αὐτῶν,
970 1049 1005 1086 οἳ
1020 1048 1047 1086 δ’
1064 1047 1131 1087 ἵνα
1150 1050 1239 1099 μήτε
1254 1051 1321 1095 τὴν
1339 1049 1452 1087 πόλιν
1465 1047 1579 1100 μηδὲν
1597 1048 1711 1087 κακὸν

252 1107 492 1156 ἐργάσαιντο,
506 1106 594 1158 μήθ’
612 1109 717 1158 ὑμῶν
735 1108 892 1160 μηδένα,
905 1111 992 1146 ἀλλ’
1006 1107 1105 1147 εὖνοι
1123 1109 1228 1153 ’ὀντες
1242 1112 1416 1155 εἰσῆλθον
1429 1112 1484 1153 εἷς
1501 1109 1542 1148 τὸ
1554 1108 1712 1158 βουλευ-

251 1169 393 1220 τήριον.
428 1169 562 1220 Lysias
582 1182 620 1221 p.
636 1174 728 1211 357.
786 1170 1006 1208 Nonnullos
1025 1170 1210 1209 excitavit
1225 1183 1378 1208 suorum
1395 1170 1538 1208 civium
1552 1168 1711 1218 invidia,

254 1231 321 1282 qui
341 1232 598 1282 potentiorem
621 1245 818 1283 quemque
838 1247 885 1271 eo
912 1233 951 1271 in
977 1233 1115 1284 majori
1143 1232 1364 1284 suspicione
1385 1233 1528 1271 habere
1545 1246 1712 1272 consue-

253 1292 439 1336 scebant;
469 1294 678 1333 nonnullos
707 1295 925 1333 Alcibiadis
957 1295 1080 1346 gratia
1108 1301 1147 1333 et
1175 1295 1464 1340 misericordia;
1506 1295 1713 1334 nonnullos

251 1354 428 1404 ejusdem
450 1355 582 1394 odium
603 1361 641 1394 et
661 1356 887 1395 inimicitiae.

308 1417 397 1456 Fuit
418 1418 457 1455 in
483 1417 558 1456 hoc
579 1431 739 1456 numero
758 1418 1049 1469 Phrynichus.‡
1110 1418 1231 1457 Erant
1257 1419 1293 1456 ei
1313 1431 1401 1456 cum
1422 1417 1626 1456 Alcibiade
1647 1431 1714 1456 ve·

255 1484 356 1517 teres
386 1479 669 1518 inimicitiarum
699 1494 854 1525 causae;
885 1485 1127 1532 quapropter
1153 1494 1242 1518 cum
1269 1494 1314 1519 ea
1340 1494 1400 1518 res
1419 1480 1510 1518 olim
1532 1481 1572 1518 in
1591 1481 1716 1519 classe

253 1541 315 1592 agi
334 1548 465 1593 coepta
482 1548 556 1588 est,
579 1542 720 1581 obnixe
740 1556 898 1594 operam
918 1542 1044 1588 dedit,
1067 1557 1114 1581 ne
1136 1542 1232 1594 quid
1254 1543 1293 1581 in
1313 1542 1477 1594 gratiam
1496 1542 1714 1582 Alcibiadis

253 1603 573 1652 meditarentur.§
628 1606 664 1642 A
694 1618 773 1655 quo
801 1604 970 1643 consilio
998 1605 1206 1643 destitutus
1240 1610 1362 1642 totam
1390 1617 1469 1642 rem
1498 1605 1715 1656 Astyocho,

252 1665 643 1705 Lacedaemoniorum
670 1667 782 1704 classi
802 1665 1014 1712 Pi-aefecto,
1040 1679 1112 1717 per
1139 1666 1304 1705 nuncios
1334 1666 1473 1716 aperit,
1506 1670 1714 1718 ceteraque

249 1727 329 1776 egit
348 1728 483 1774 multa,
503 1729 552 1767 ad
567 1728 744 1778 consilia,
762 1742 852 1779 quae
871 1734 965 1766 tunc
980 1728 1250 1779 capiebantur,
1267 1726 1550 1778 impediendam}
1595 1728 1712 1767 Unde

250 1789 425 1827 Pisandri
449 1803 567 1839 opera
587 1790 802 1840 imperium,
830 1790 937 1838 quod
958 1790 997 1827 in
1017 1790 1141 1827 classe
1161 1789 1313 1836 habuit,
1333 1788 1530 1839 deponere
1551 1795 1712 1829 coactus

251 1855 322 1887 est.
378 1850 601 1887 Constituta
620 1853 747 1886 autem
768 1848 985 1899 tyrannide,
1003 1862 1093 1898 quae
1112 1849 1305 1887 Alcibiadi
1322 1849 1448 1887 minus
1464 1849 1592 1888 favere
1610 1851 1714 1889 vide-

253 1912 380 1958 batur,
404 1910 545 1950 nemini
574 1916 642 1948 aut
667 1922 785 1960 opera
813 1916 880 1948 aut
907 1910 1071 1948 consilio
1101 1911 1218 1949 cessit
1244 1910 1282 1948 in
1303 1911 1567 1950 dominatione
1597 1912 1712 1963 adju-

251 1972 423 2012 vandaAI
479 1973 534 2010 Ea
554 1985 643 2010 cum
662 1978 765 2010 esset
783 1971 887 2023 apud
908 1985 996 2010 suos
1017 1973 1140 2023 gratia
1160 1978 1199 2010 et
1218 1973 1461 2021 auctoritate,
1481 1974 1550 2012 ubi
1569 1974 1713 2026 impor-

252 2040 345 2073 tuna
365 2034 747 2084 Quadringentorum
769 2033 979 2072 crudelitas
997 2039 1037 2072 et
1063 2034 1279 2073 dominatio
1304 2034 1422 2074 taedio
1450 2036 1602 2074 civibus
1630 2050 1714 2076 esse

201 2113 206 2119 ·
251 2096 388 2147 coepit,
405 2109 532 2146 neque
548 2096 761 2134 eorundem
781 2095 992 2134 auctoritas
1007 2095 1165 2135 aliunde
1185 2096 1407 2135 confirmari
1426 2110 1542 2148 posse
1556 2097 1714 2137 videba-

250 2166 327 2206 tur,
355 2158 426 2196 nisi
449 2171 472 2197 a
498 2157 807 2197 Lacedaemoniis
835 2158 1112 2208 adjuvaretur;
1141 2158 1189 2197 ad
1222 2159 1405 2210 Spartam
1433 2160 1598 2198 mittitur
1622 2174 1712 2199 cum

248 2220 496 2271 Antiphonte
511 2219 674 2271 aliisque
690 2233 824 2271 pacem
843 2220 1048 2270 quibusvis
1069 2221 1225 2259 demum
1245 2221 1542 2261 conditionibus
1558 2235 1646 2261 cum
1666 2235 1713 2262 ea

248 2282 406 2322 civitate
427 2281 617 2321 facturus.
674 2282 843 2320 Domum
860 2288 990 2321 autem
1010 2295 1050 2320 re
1076 2281 1222 2321 infecta
1241 2296 1414 2321 reversus
1434 2297 1546 2322 mane
1564 2284 1604 2322 in
1624 2284 1711 2322 foro

250 2357 273 2382 a
292 2344 541 2395 Thrasybulo
562 2344 779 2394 Calydonio
797 2350 838 2383 et
857 2344 1098 2394 Apollodoro
1120 2345 1338 2396 Megarensi
1358 2347 1589 2396 percutitur,
1611 2359 1712 2396 quos

248 2405 300 2443 ob
321 2405 457 2443 merita
477 2405 515 2442 in
536 2405 727 2454 populum
743 2404 999 2443 Athenienses
1019 2405 1108 2443 ideo
1126 2411 1355 2456 recuperata
1374 2406 1530 2446 civitate
1550 2405 1712 2446 decreto

247 2465 409 2515 publico
424 2465 463 2503 in
483 2465 636 2504 Civium
653 2478 854 2505 numerum
875 2466 1099 2505 retulere-*³¹⁶

292 2535 312 2554 ³¹⁶
327 2533 476 2569 Ἐλθόντεις
494 2534 523 2565 δὲ
547 2535 648 2569 αὐτοὺς
669 2534 865 2576 τετρακοσίους
886 2534 968 2571 ὄντας
1000 2536 1177 2576 πάλαισμα.
1201 2536 1339 2576 Polyaeu.
1356 2536 1422 2567 111.
1444 2539 1475 2568 6.
1499 2538 1658 2569 Plutarch.
1680 2537 1712 2569 in

249 2576 277 2612 ἐς
291 2576 326 2608 τὸ
341 2577 529 2618 Βουλευτῆςιον
549 2578 657 2619 ἄρχειν,
679 2577 740 2610 ὅση
757 2578 789 2609 ἃν
804 2579 908 2618 ἄξια-τα
923 2591 968 2618 γι·
1000 2580 1101 2610 Alcib.

248 2621 407 2660 γνώσκωσιν
417 2621 635 2661 αὐτοκράτορας.
648 2622 787 2660 Thucyd.
802 2622 898 2652 VIII.
912 2625 964 2653 67.

293 2666 308 2697 †
329 2665 402 2703 Lys.
425 2674 457 2703 p.
479 2666 553 2695 260.
577 2663 599 2693 οῖ
625 2663 865 2704 τξιάκοντοι-οΐ
886 2666 965 2695 aisti-oi

248 2706 320 2739 ’ἦσαν
331 2706 458 2741 ἅπαντες
469 2710 526 2737 τῶν
536 2706 723 2747 τετρακοσίων
733 2709 789 2737 τῶν
799 2706 965 2747 φευγόντων.

291 2750 362 2788 ‡Oi'1
383 2749 514 2792 Φρύνιχος
536 2747 590 2789 μὲν
612 2749 661 2779 καὶ
684 2749 845 2790 Πείσανδρος
867 2751 916 2780 καὶ
941 2752 963 2781 οἱ

249 2793 321 2833 μετ’
346 2792 447 2824 ἐκείνων
472 2792 650 2834 δημαγωγοὶ,
681 2791 774 2823 ἐπειδὴ
804 2795 903 2824 πολλὰ.
927 2794 965 2828 εἷς

249 2838 327 2876 ὑμᾶς
349 2836 515 2876 ἐξήμαρτον,
535 2839 591 2869 τὰς
616 2835 678 2875 περὶ
698 2836 807 2867 τούτων
821 2836 963 2871 δείσαντες

247 2878 396 2920 τιμωςίας,
419 2881 469 2911 τῆν
491 2878 625 2920 ‹trem-{par
644 2878 811 2920 ὃλιγοιςχίοιν
830 2879 893 2920 (sc.
908 2882 963 2910 τῶν

249 2922 292 2963 ύ.)
307 2921 507 2959 κατέκτα-παυς
525 2924 598 2961 Lys.
611 2932 642 2961 p.
656 2924 728 2952 421.
745 2922 886 2961 Thucyd.
899 2922 918 2951 l.
931 2925 962 2952 8.

291 2967 307 3005 ᾗ
324 2967 481 2996 Plutarch.
496 2966 523 2995 in
536 2966 635 2996 Alcib.
649 2966 790 3005 Thucyd.
803 2965 897 2995 VIII.
908 2968 960 2996 48.

293 3008 307 3049 ll
323 3009 460 3049 Thucyd.
481 3009 571 3040 VIII.
589 3011 642 3042 50.
671 3009 758 3039 Suid.
774 3008 804 3039 in
830 3006 962 3050 Φςυνίχου

1042 2622 1066 2657 qi
1085 2620 1219 2663 Παςέσχε
1236 2619 1265 2651 δὲ
1280 2621 1328 2651 καὶ
1343 2622 1475 2664 Φρύνιχος
1490 2622 1587 2654 ἑαυτὸν
1598 2625 1713 2655 πάντων

999 2664 1177 2706 διαφερὸντως
1193 2664 1421 2706 προθυμότατον
1432 2665 1460 2700 ἐς
1473 2668 1522 2698 τὴν
1533 2665 1712 2708 ὀλιγαρχίαν,

997 2707 1089 2742 δεδιὼς
1103 2706 1149 2739 τὸν
1161 2707 1353 2745 Ἀλκιβιάδην,
1365 2708 1415 2739 καὶ
1429 2707 1632 2748 ἐπιστάμενος
1645 2708 1713 2739 εἰδό-

998 2762 1039 2779 τα.
1053 2750 1137 2780 αὐτὸν
1151 2750 1206 2780 ὅσοι
1221 2750 1246 2780 ἐν
1258 2751 1296 2792 τῇ
1311 2753 1402 2792 Σάμῳ
1414 2752 1480 2792 πρὸς
1494 2751 1542 2781 τὸν
1551 2750 1712 2793 Ἀστύοχον

997 2793 1122 2833 ἔπραξε,
1137 2793 1254 2834 νομίζων
1268 2795 1315 2824 οὐκ
1337 2794 1369 2824 ἅν
1389 2805 1468 2824 ποτε
1483 2793 1566 2825 αὐτὸν
1580 2797 1661 2825 κατὰ
1675 2795 1711 2826 τὸ

995 2835 1064 2869 εῗκός
1082 2835 1130 2866 ὑπ’
1144 2836 1314 2878 ὀλιγαρχίας·
1327 2837 1492 2867 κατελθεῖν·
1509 2838 1583 2868 πολὺ
1598 2837 1628 2868 δὲ
1645 2836 1712 2878 πρός

994 2881 1035 2909 τὰ
1058 2879 1142 2914 δειναὶ,
1163 2878 1309 2920 ἐπειδήπερ
1332 2880 1457 2917 ὑπέστη,
1479 2882 1713 2921 φερεγγυῶτατος

994 2920 1092 2961 ἐφάνη.
1115 2922 1257 2962 Thucyd.
1274 2923 1370 2953 VIII.
1384 2925 1437 2954 68.

1038 2965 1078 2984 ὃ*
1098 2966 1170 3006 Itys.
1183 2976 1216 3004 p.
1229 2968 1301 2996 958.
1314 2968 1430 2997 et134.
1447 2966 1496 2996 De
1511 2966 1597 2997 caede
1611 2966 1712 3006 Phry-

993 3007 1078 3039 nichi
1104 3009 1249 3040 convenit
1274 3009 1352 3040 inter
1379 3019 1495 3042 omnes.
1542 3011 1590 3040 De
1617 3008 1710 3041 modo
