1839 3229
214 178 270 219 48
756 178 945 221 LYSIAE
974 178 1130 221 VITA.

214 282 255 321 in
275 283 399 335 Phyle
419 291 605 333 moratus,
628 287 790 337 sumptis
812 300 956 333 secum,
977 301 1076 338 quos
1095 287 1149 325 ibi
1170 286 1396 337 collegerat,
1415 293 1525 326 erant
1543 292 1675 326 autem

214 345 264 384 ad
287 345 405 385 millia
425 347 637 394 hominum,
659 354 778 387 noctu
798 349 985 387 Piraeeum
1002 355 1184 400 occupat,
1205 347 1489 399 Munichiaque
1509 349 1673 394 munita,

211 412 372 456 postero
391 408 455 446 die
475 409 595 447 aciem
627 423 714 447 cum
733 410 928 461 Tyrannis
957 410 1123 457 confert,
1149 417 1188 448 et
1209 410 1343 448 vincit.
1401 411 1453 448 In·
1468 424 1516 449 eo
1537 411 1673 462 praelio

214 468 354 509 Critias
374 477 414 509 et
429 472 751 522 Hippomachus*
770 473 1062 511 XXXvirorum
1092 472 1292 510 saevissimi
1313 472 1472 519 cadunt,
1489 480 1529 512 et
1548 473 1673 512 Char-

214 531 334 570 mides
358 533 579 571 Glauconis
599 534 640 570 F.
663 533 765 571 Xvir
782 534 999 573 Piraeensis.

267 594 439 632 Reverso
460 595 498 632 in
522 595 656 632 urbem
679 595 866 641 exercitu,
886 596 1152 646 Tyrannorum
1183 597 1332 634 animos
1363 608 1511 634 summa
1531 596 1673 646 despe-

211 655 324 703 ratio,
355 661 574 694 ceterorum
606 656 747 694 exsulis
780 657 917 706 populi
945 657 1206 696 misericordia
1236 664 1315 695 tum
1348 658 1519 708 primum
1551 657 1673 708 cepit.

212 716 403 768 Tyrannis
422 717 539 767 igitur
557 718 768 768 abrogatur
788 717 1005 768 imperium,
1026 718 1131 769 quod
1162 726 1269 757 tanta
1289 719 1522 757 crudelitate
1543 731 1674 769 gesse—

211 782 324 822 rant3
360 778 503 828 quibus
526 779 744 817 Eleusinem
766 779 1055 828 emigrantibus,
1078 781 1220 827 locum,
1242 794 1357 831 quem
1380 779 1454 818 sibi
1474 780 1564 817 olim
1587 793 1676 830 per-

210 839 358 889 fugium
377 847 576 891 pararunt,
597 840 750 879 suffecti
774 849 862 878 sunt
882 840 948 891 X.‚
965 841 1031 891 qui
1054 842 1191 892 Remp.
1207 842 1512 887 moderarentur,
1528 855 1574 879 ex
1596 840 1673 879 sin-

211 901 300 952 gula
322 902 424 940 tribu
442 902 484 940 P.
508 905 558 941 A.
589 916 701 941 unus.
760 903 881 940 Erant
913 904 951 939 in
984 916 1030 940 eo
1060 916 1220 940 numero
1256 903 1473 953 Hippocles
1505 909 1542 940 et
1578 903 1672 951 Epi-

211 963 393 1012 chares,†
421 971 539 1014 atque
573 964 688 1002 etiam
718 978 763 1002 ex
785 964 961 1015 Collegio
984 964 1213 1002 XXXvirali
1232 964 1360 1001 Phido
1385 971 1425 1002 et
1445 964 1674 1003 Eratosthe-

209 1038 290 1071 nes,
313 1039 411 1076 quos
431 1026 520 1064 ideo
541 1027 773 1072 retinebant,
796 1026 900 1076 quod
922 1027 1097 1064 exsulum
1120 1020 1296 1064 reditioni
1321 1026 1418 1064 bene
1439 1026 1536 1064 velle
1561 1026 1671 1064 vide-

209 1087 364 1126 bantur.
423 1088 482 1126 Illi
504 1095 632 1126 tamen
650 1088 810 1138 imperio
830 1088 943 1138 potiti
962 1088 1058 1125 nihil
1081 1088 1257 1138 exemplo
1277 1087 1418 1138 prioris
1439 1087 1672 1125 dominatio-

209 1151 267 1188 nis
297 1151 493 1202 perterriti
513 1150 613 1188 idem
638 1163 725 1188 cum
747 1150 943 1188 exsulibus
964 1151 1106 1188 bellum
1137 1150 1454 1196 continuabant‚1
1473 1155 1512 1187 et
1530 1149 1580 1187 ad
1601 1148 1672 1187 do-

211 1213 395 1251 minatum
419 1211 728 1251 confirmandum
753 1213 992 1262 Lysandrum
1016 1212 1283 1250 accersebant.

263 1275 352 1313 Una
373 1288 460 1312 cum
482 1275 684 1326 Lysandro
713 1275 806 1312 exiit
828 1275 1039 1312 Pausanias
1069 1274 1152 1311 Rex
1183 1273 1580 1318 Lacedaemoniorum,
1603 1274 1672 1323 qui

209 1338 350 1388 partim
381 1337 570 1388 Lysandri
601 1337 758 1386 invidia,
790 1336 930 1387 partim
963 1336 1099 1387 populi
1131 1336 1396 1373 misericordia
1426 1326 1583 1381 ductus,
1605 1334 1673 1373 ubi

209 1400 355 1438 bellum
376 1399 577 1450 paulisper
598 1398 729 1449 specie
751 1406 863 1436 tenus
890 1399 1084 1448 gessisset,
1106 1398 1205 1435 clam
1232 1397 1281 1434 ad
1309 1397 1463 1434 exsules
1489 1396 1673 1434 nuncium

209 1462 341 1506 mittit,
362 1461 428 1511 qui
449 1460 610 1507 diceret,
645 1464 669 1481 “
692 1460 804 1497 malle
837 1474 890 1506 se,
920 1466 976 1506 ut,
999 1473 1096 1510 pace
1119 1459 1303 1509 utrinque
1325 1457 1443 1507 facta,
1463 1457 1673 1496 amicitiam

209 1537 297 1561 cum
317 1522 620 1560 Lacedaemoniis
641 1523 827 1573 colerent,
851 1536 967 1572 quam
990 1522 1092 1559 cives
1115 1534 1205 1558 cum
1226 1521 1376 1558 civibus
1398 1520 1543 1557 bellum
1565 1519 1674 1557 nefa-

212 1578 307 1623 rium
329 1592 368 1623 et
391 1586 564 1634 utrisque
596 1585 798 1622 exitiosum
831 1584 1049 1634 gererent.⁷’
1105 1583 1213 1620 Idem
1244 1581 1447 1620 consilium
1469 1581 1582 1618 mittit
1603 1580 1674 1627 eis,

211 1647 278 1698 qui
307 1648 440 1685 urbem
470 1654 690 1685 tenuerunt.
751 1647 851 1691 Quae
880 1660 940 1684 res
975 1659 1062 1683 cum
1100 1644 1485 1683 Lacedaemoniorum
1515 1643 1674 1682 Senatui

210 1712 546 1761 comprobaretur,
566 1722 641 1760 pax
674 1710 819 1747 sancita
841 1715 897 1746 est
920 1709 1027 1746 hisce
1058 1707 1374 1746 conditionibus:
1410 1719 1461 1744 sc.
1497 1710 1522 1726 “
1540 1712 1581 1743 ut
1599 1705 1671 1743 do-

208 1787 311 1811 mum
332 1779 620 1810 reverterentur
635 1772 786 1809 exsules
808 1784 896 1808 cum
928 1770 1178 1821 Thrasybulo
1202 1769 1318 1819 Imp„
1338 1774 1381 1806 ut
1401 1767 1449 1804 ad
1472 1767 1671 1818 publicam

208 1835 459 1873 concordiam
490 1834 691 1871 colendam
720 1833 973 1870 invitarentur
1001 1845 1133 1868 omnes
1157 1830 1330 1880 undique
1358 1829 1473 1874 cives,
1495 1828 1671 1879 exceptis

210 1897 344 1934 XXX.
360 1896 427 1946 qui
448 1896 485 1933 in
509 1896 617 1942 urbe,
633 1902 673 1933 et
694 1896 746 1933 X,
771 1895 836 1944 qui
859 1894 896 1931 in
919 1894 1066 1930 Piraeeo
1088 1892 1392 1930 dominationem
1409 1891 1673 1929 exercuissent

206 1958 281 2007 (his
301 1966 428 1995 autem
452 1963 491 1995 et
510 1957 574 2007 qui
598 1957 655 1994 his
678 1970 753 1994 nna
773 1970 812 1994 se
832 1955 1045 2005 adjungere
1075 1955 1229 1998 vellent,
1255 1953 1404 1991 Eleusis
1427 1951 1672 1990 monstraba-

208 2016 270 2059 tur
290 2023 414 2066 locus,
437 2020 502 2057 ubi
525 2021 607 2057 sine
630 2020 766 2056 timore
788 2031 870 2056 esse
891 2018 1070 2068 possint),
1086 2023 1127 2053 ut
1148 2017 1332 2067 denique,
1350 2029 1397 2053 ne
1418 2028 1496 2065 qua
1513 2028 1559 2052 ex
1578 2022 1686 2053 ante,

208 2084 304 2122 actis
325 2082 498 2120 simultas
520 2082 677 2119 subesse
700 2087 848 2132 posset,
873 2079 1131 2131 jurejurando
1164 2078 1501 2128 obstringerentur
1525 2089 1672 2122 omnes,

208 2152 383 2184 sanctam
401 2153 440 2182 et
459 2150 686 2195 perpetuam
707 2142 992 2182 discordiarum
1019 2144 1233 2194 ἀμνηστίαν
1254 2139 1398 2183 fore.”§
1456 2138 1675 2188 Interjectis

959 2245 1058 2275 inach.
1095 2244 1256 2275 Heraclid.
1272 2244 1310 2274 de
1330 2244 1461 2274 Politiis.
1505 2243 1569 2274 Hic
1582 2255 1589 2273 ε
1604 2242 1674 2273 Toxi-

208 2251 270 2281 duo
282 2251 380 2280 millia
390 2250 598 2280 drachmarum
610 2247 788 2282 contulisse,
798 2247 925 2286 clypeos

959 2299 1015 2318 ’των
1036 2289 1073 2329 (i.
1089 2299 1116 2318 e.
1138 2291 1193 2317 τῶν
1215 2287 1248 2327 λ)
1270 2287 1298 2317 δὲ
1318 2286 1542 2318 καταλυθέντων
1563 2287 1674 2328 Θρασύ-

208 2304 283 2324 vero
294 2295 369 2329 OQ,
380 2298 410 2323 et
425 2292 639 2323 Hermamauis
655 2292 812 2330 cujusdam
825 2291 926 2331 (Her-

208 2348 327 2367 monem
343 2341 432 2366 vocat
449 2335 593 2374 Plrot'rus)
609 2346 701 2374 opera
718 2335 853 2373 adjutum
870 2334 925 2362 mi-

208 2380 281 2410 lites
307 2379 494 2409 conduxisse
522 2378 687 2408 auxiliares
712 2388 771 2406 nou
800 2387 925 2406 numero

208 2424 340 2452 rotundo
353 2423 402 2463 (ut
417 2422 590 2459 hujusmodi
605 2432 652 2450 res
664 2420 796 2450 describi
812 2419 926 2458 solent)

208 2466 312 2501 CCC„
334 2475 439 2496 verum
461 2465 601 2500 CCCII„
624 2462 749 2503 ἆκξιςείᾳ,
773 2472 925 2502 nunquam

210 2509 284 2538 satis
314 2507 507 2547 praedicanda
521 2519 528 2545 3
563 2509 600 2536 ab
632 2508 752 2545 hospite
793 2506 924 2545 denique

208 2552 386 2590 Thrasylaeo
402 2551 514 2580 talenta
534 2550 734 2589 impetrasse:
759 2554 834 2588 quot
850 2559 925 2579 vero

208 2594 400 2634 impetravit,
431 2604 488 2623 non
519 2598 674 2623 memorat.
725 2593 810 2622 Mala
839 2598 924 2622 certe

209 2638 270 2668 fide
292 2636 450 2675 exemplar
465 2636 642 2674 descripsit,
664 2646 724 2674 quo
744 2636 923 2672 legebatur:

208 2680 362 2721 ἐπικούρους
389 2689 421 2709 τε
453 2677 640 2717 ἐμισθώσατο
665 2676 848 2718 τριακοσίους,
877 2676 925 2706 καὶ

210 2725 382 2764 Θρασύλαιον
397 2720 441 2752 τὸν
456 2720 560 2751 Ἠλεῖον
575 2720 682 2756 ἔπεισε,
698 2720 767 2759 ξένον
782 2719 859 2756 ὄντα,
875 2721 925 2749 αι’)-

208 2768 251 2806 τῷ
264 2768 308 2797 δυο
320 2768 452 2796 τάλαντα
462 2765 635 2805 παςαο-χεῖν.
655 2765 682 2793 N
686 2775 723 2792 on
738 2764 832 2803 igitur
844 2763 925 2800 apud

210 2810 409 2840 Plutarchum
442 2808 616 2846 legendum,
646 2807 759 2836 milites
788 2806 926 2840 CCCII„

211 2853 266 2883 sed
282 2853 396 2883 milites
415 2851 504 2881 CCC.
522 2855 552 2880 et
569 2851 614 2880 ΙΙ.
630 2850 751 2879 talenta.
798 2850 839 2878 Ει
862 2849 926 2878 haec

213 2900 261 2926 est
280 2906 354 2925 vera
370 2895 480 2925 crisis.

256 2939 274 2957 ³*
291 2937 521 2978 Hippolochus.
543 2934 657 2966 Justin.

254 2984 267 3014 †
283 2981 344 3011 His
361 2982 541 3020 adjungatur
555 2978 667 3010 erino.
679 2979 778 3008 Isocr.
791 2988 819 3007 c.
833 2975 926 3007 Calli·

960 2331 1054 2366 ζουλος
1075 2331 1122 2360 καὶ
1145 2330 1234 2361 Ῥίνων
1259 2331 1490 2372 πξοεσ-τήκεισ-αν,
1512 2328 1540 2364 ὃς
1561 2327 1591 2360 ἦν
1610 2331 1673 2369 ἀνὴρ

958 2375 1044 2409 καλὸς
1057 2374 1191 2414 κᾴγαθός.

1003 2422 1018 2456 ss
1040 2419 1113 2457 Lys.
1141 2428 1171 2456 p.
1197 2420 1272 2448 211.
1299 2427 1382 2455 seqq.
1414 2415 1529 2448 Justin.
1554 2416 1593 2445 V.
1621 2418 1674 2445 10.

959 2461 1106 2500 Xenoph.
1126 2461 1225 2492 Isocr.
1249 2471 1276 2490 c.
1293 2460 1470 2490 callimach.

1002 2506 1017 2545 ᾗ
1033 2510 1054 2523 “
1070 2505 1118 2535 Ne
1136 2504 1186 2543 qui
1202 2508 1314 2542 praeter
1326 2503 1445 2533 XXX.
1458 2503 1627 2540 Tyrannos,
1643 2506 1674 2532 et

959 2548 1017 2584 X.‚
1034 2548 1084 2587 qui
1107 2551 1214 2587 postea
1228 2548 1374 2576 Praetores
1394 2545 1488 2575 creati
1507 2544 1673 2583 superioris

959 2602 1043 2620 more
1068 2589 1259 2620 crudelitatis
1286 2594 1374 2618 erant
1396 2589 1456 2624 usi,
1482 2587 1674 2617 afficerentur

959 2634 1083 2668 exsilio,
1106 2643 1183 2662 neve
1205 2633 1284 2662 bona
1306 2632 1546 2672 publicarentur,
1566 2631 1673 2669 reique

960 2678 1035 2715 pub.
1051 2675 1226 2715 procuratio
1242 2675 1360 2714 Populo
1373 2672 1586 2704 redderetur.'’
1609 2674 1674 2703 Ne-

959 2730 1016 2757 pos
1039 2720 1068 2748 in
1088 2719 1290 2756 Thrasybulo.
1337 2717 1371 2747 Οῑ
1393 2716 1422 2747 δὲ
1443 2715 1607 2754 διήλλαξαν,
1629 2714 1677 2755 ἐφ’

960 2759 982 2799 ςῖ
1001 2773 1033 2790 τε
1059 2762 1156 2800 εἰρήνην
1179 2758 1234 2797 μὲν
1263 2759 1337 2801 ’ἐχειν
1361 2760 1396 2793 ὡς
1418 2758 1492 2799 ’πρὸς
1520 2758 1673 2793 ἀλλήλους,

959 2803 1070 2834 ἀπιέναι
1089 2803 1117 2833 δὲ
1134 2802 1180 2833 ἐπὶ
1192 2804 1232 2832 τὰ
1246 2802 1351 2832 ἑαυτῶν
1367 2802 1515 2837 ἑκάστους,
1530 2801 1603 2832 πλὴν
1617 2803 1674 2830 τῶν

959 2847 1125 2887 Τξιάκοντα,
1141 2845 1189 2875 καὶ
1205 2848 1260 2874 τῶν
1276 2843 1369 2874 ἕνδεκα
1384 2844 1541 2885 (leiros
1557 2855 1603 2874 sc.
1618 2843 1674 2874 Li·

960 2894 1061 2919 ctores
1078 2889 1228 2928 publicos,
1250 2887 1434 2926 Tyrannidis
1457 2886 1673 2928 administros)

960 2932 1007 2962 καὶ
1023 2935 1079 2962 τῶν
1096 2931 1121 2961 ἐν
1136 2932 1180 2970 τςῗί
1193 2931 1312 2971 Πειραιεῖ
1329 2929 1467 2970 ἀρξάντων
1481 2928 1559 2959 δέκα.
1605 2930 1673 2961 Xe-

960 2976 1052 3015 nopli.
1069 2975 1222 3006 Hellenic.
1240 2975 1260 3004 l.
1275 2976 1305 3004 2.
1323 2974 1360 3004 ad
1375 2974 1424 3004 fin.
1449 2973 1540 3003 Errat
1555 2973 1674 3013 Nepos,
