1839 3229
211 183 290 224 138
768 182 802 225 I.
835 181 1093 225 TAYLORI

207 273 249 306 de
268 270 403 305 Ocioso.
457 272 576 313 Quam
598 276 773 306 memorat
802 274 923 307 Valer.
947 273 1103 307 Maxim.
1122 274 1174 308 11.
1194 277 1228 308 6.
1245 277 1280 316 3,
1297 277 1331 308 4.
1382 276 1403 293 “
1419 275 1531 320 Apud
1549 275 1664 310 Athe-

210 328 346 362 niensis
364 326 500 361 Inertia
516 338 536 361 e
553 328 699 361 latebris
711 328 798 370 suis,
815 329 985 372 languore
1004 339 1178 371 marcens,
1197 329 1233 362 in
1259 329 1380 372 forum
1390 330 1534 374 perinde
1550 342 1590 364 ac
1606 331 1664 364 de-

211 381 328 416 lictum
357 382 516 426 aliquod,
538 382 769 426 protrahitur,
794 382 904 426 fitque
930 386 971 415 ut
993 383 1213 423 facinorosae,
1248 385 1300 417 ita.
1321 385 1579 419 erubescendae
1605 395 1666 418 rea

210 437 342 480 eulpae.
383 437 452 484 Est
477 438 515 470 et
532 436 695 479 ejusdem
724 436 823 469 urbis
850 436 1116 470 sanctissimum
1133 437 1323 471 consilium
1340 438 1575 483 Areopagus:
1602 439 1663 473 ubi

210 491 298 535 quid
327 491 479 535 quisque
500 490 776 524 Atheniensium
796 494 928 533 ageret,
957 495 1021 525 aut
1046 502 1201 535 quonam
1231 496 1374 536 quaestu
1396 497 1668 535 sustentaretur,

211 547 484 590 diligentissime
501 547 633 590 inquiri
645 546 797 587 solebat,
814 548 854 578 ut
870 546 1030 580 homines
1047 547 1269 581 honestatem
1285 546 1386 591 (vitae
1400 549 1575 581 rationem
1591 559 1667 581 me-

210 596 327 634 mores
345 601 566 634 reddendam
587 600 680 643 esse)
703 600 975 644 sequerentur.”
1022 602 1113 635 Eam
1132 613 1179 635 ex
1208 602 1344 636 Laertii
1362 602 1577 636 auctoritate
1594 603 1667 636 aie-

211 656 273 689 bat
287 656 414 700 Lysias
440 657 475 689 in
501 655 661 688 oratione
681 666 712 688 c.
729 655 884 698 Niciam,
904 657 1079 700 Δράκοντα
1094 659 1306 702 γεγραφέναι,
1323 659 1463 691 Σόλωνα
1480 658 1512 691 δὲ
1529 657 1669 691 τεθεικέ-

210 724 277 743 ναι.
330 711 437 743 Licet
459 710 676 754 Harpocrat.
705 711 739 743 in
758 710 855 744 Bibl.
876 711 967 755 Reg.
985 712 1090 746 Cant.
1109 715 1146 746 in
1173 714 1323 747 articulo
1347 713 1486 747 inedito
1504 714 1670 748 adfirmet

209 765 245 798 id
264 766 504 807 fragmentum
524 765 645 808 Lysiae
664 765 803 798 desumi
823 777 867 799 ex
885 766 963 809 ejus
991 767 1178 811 deperdita
1195 769 1356 802 oratione
1387 779 1418 801 c.
1449 768 1668 803 Aristonem.

208 820 349 864 Ἀργίας
370 821 453 861 δίκη.
496 822 624 859 Λυσίας
642 822 679 853 ἐν
696 823 744 863 τῷ
757 823 842 854 κατὰ
860 822 1063 866 Ἀρίστωνος
1076 825 1165 865 φησί·
1186 824 1261 857 “On
1277 824 1415 868 Δράκων
1431 821 1475 865 ἦν
1490 825 1506 856 ὁ
1525 825 1591 863 θεὶς
1607 827 1669 858 τὸν

209 877 326 919 νόμον,
345 873 440 915 αὖθις
453 876 484 908 δὲ
502 878 555 908 καὶ
574 877 690 909 Σόλων
706 877 886 919 ἐχρήσατο,
902 879 1058 911 θάνατον
1077 881 1140 922 οὐχ
1153 879 1277 923 ὁρίσας,
1293 881 1337 919 ὡς
1353 881 1485 920 ἐκεῖνος,
1502 879 1579 912 ἀλλ’
1595 881 1668 913 ἀτι-

126 933 189 962 708
207 931 301 973 μίαν,
318 931 377 963 ἐάν
394 944 443 969 τις
467 930 620 973 (corrige
639 933 699 964 ἐὰν
727 931 813 974 τρὶς)
839 933 922 971 ἁλῶ,
941 934 1042 966 τίσαι·
1069 935 1113 966 ἂν
1139 934 1163 965 δ’
1179 933 1285 975 ἅπαξ,
1303 935 1496 978 ζημιοῦσθαι
1516 934 1668 978 δραχμὰς

208 986 338 1019 ἑκατόν.
393 985 588 1029 Utcunque
605 996 647 1019 ea
665 996 721 1019 res
735 987 791 1026 sit,
808 987 936 1031 liquet,
956 987 1173 1029 Draconem,
1189 987 1377 1032 quifurta
1401 989 1459 1032 (ut
1475 999 1560 1022 cum
1574 989 1665 1022 Ale-

207 1039 351 1072 xandro
369 1039 413 1071 ab
427 1039 642 1072 Alexandro
656 1040 796 1083 loquar)
815 1041 1041 1074 morosissime
1055 1041 1248 1086 pensitavit,
1263 1042 1443 1085 inertiam,
1459 1053 1534 1076 non
1550 1042 1669 1076 minus

203 1105 244 1128 ac
262 1094 460 1135 latrocinia,
485 1105 567 1138 quae
586 1095 630 1127 ab
649 1106 692 1128 ea
709 1095 935 1137 derivantur,
953 1095 1098 1139 capitali
1117 1096 1294 1139 supplicio
1313 1107 1477 1131 coercere
1503 1097 1669 1131 voluisse.

206 1148 317 1191 Nam,
333 1150 431 1193 quod
449 1149 500 1182 ait
513 1149 682 1190 Diphilus
700 1149 871 1183 Comicus
890 1151 987 1194 apud
1006 1150 1227 1185 Athenaeum
1246 1151 1268 1185 l.
1284 1154 1317 1186 6.
1336 1152 1380 1185 de
1397 1162 1554 1196 paupere
1571 1162 1668 1186 sum-

204 1205 345 1246 ptuOSO‚
365 1203 409 1236 ad
427 1203 606 1236 ociantem
626 1202 818 1246 aequaliter
836 1207 987 1247 spectat.

530 1294 600 1325 Οὐκ
614 1293 784 1335 ἐνδέχεται
796 1296 860 1338 γὰρ
878 1295 940 1337 ζῇν
955 1295 1035 1327 ἄνευ
1052 1298 1154 1327 κακοῦ
1170 1297 1262 1334 τινὸς

535 1351 678 1380 Τοῦτον·
707 1350 837 1388 συνίης·
865 1349 942 1381 ἀλλ’
960 1350 1153 1393 ἀναγκαίως
1166 1350 1234 1392 ἔχει

522 1403 565 1434 ”H
591 1402 799 1436 λωποδυτεῖν
813 1405 874 1442 τὰς
892 1404 1018 1443 νύκτας
1035 1406 1055 1444 ἡ
1074 1406 1307 1448 τοιχωρυχεῖν,

529 1458 572 1490 ”H
591 1463 657 1491 τῶν
677 1459 866 1491 ποιούντων
884 1462 990 1491 ταῦτα
1007 1462 1179 1492 κοινωνεῖν
1192 1461 1292 1499 τισὶν,

522 1514 563 1547 ”H
579 1518 799 1557 συκοφαντεῖν
815 1514 885 1547 κατ’
901 1515 1042 1558 ἀγορὰν,
1060 1517 1080 1554 ’ὴ
1094 1518 1280 1558 μαρτυρεῖν

531 1570 657 1609 Ψευδῆ·
685 1570 847 1602 τοιούτων
858 1570 1095 1613 ἐκκαθαίρομεν
1113 1570 1221 1612 γένος.

200 1659 292 1692 Solo
318 1659 425 1692 istam
444 1659 706 1692 immanitatem
731 1668 855 1702 poenae
875 1667 1018 1697 exosuS‚
1035 1667 1162 1690 verum
1178 1656 1384 1691 lentitudini
1401 1657 1663 1691 occurrendum

198 1713 406 1755 arbitratus,
424 1714 589 1748 homines
608 1713 759 1754 ociosos,
779 1715 889 1756 ἄχθος
915 1713 1073 1756 ἀρούρης,
1089 1722 1160 1745 nou
1179 1713 1310 1755 capite,
1328 1711 1548 1746 sedinsamia
1560 1712 1666 1756 puni-

196 1769 259 1803 vit.
311 1769 464 1802 variant
492 1771 616 1802 tamen
635 1768 800 1812 Antiqui.
852 1767 947 1800 Nam
966 1777 1036 1801 sec.
1058 1767 1146 1799 Poll.
1167 1766 1275 1800 VIII.
1299 1770 1333 1802 6.
1358 1767 1480 1801 Draco
1503 1767 1662 1810 infamia,

197 1834 270 1857 non
290 1826 420 1865 morte,
440 1824 523 1856 Solo
541 1823 695 1856 nonnisi
713 1823 817 1855 tertio
830 1822 899 1855 ocii
917 1821 1124 1854 convictum
1142 1821 1334 1865 plectebat.
1383 1821 1427 1855 Id
1443 1822 1665 1863 institutum,

199 1881 244 1912 ut
271 1881 349 1911 erat
376 1879 421 1911 ad
454 1878 691 1921 AEgyptiacos
712 1886 830 1909 mores
849 1875 1179 1917 accommodatum,
1199 1875 1312 1919 (unde
1331 1876 1514 1910 derivasse
1532 1876 1663 1910 dicitur

197 1934 260 1978 qui
286 1932 443 1967 Athenis
471 1933 607 1966 tulerit.
658 1932 745 1965 Vid.
766 1931 944 1964 Herodot.
962 1930 1112 1974 Euterp.
1132 1932 1211 1964 117.
1230 1930 1340 1964 Diod.
1360 1930 1433 1964 Sic.
1453 1930 1506 1974 1.)
1521 1931 1572 1964 ita
1588 1931 1663 1964 La-

199 1988 507 2021 cedaemoniorum
528 1985 831 2031 Jurisprudentiae
864 1995 911 2018 ex
942 1984 1117 2018 diametro
1135 1985 1432 2019 contrariabatur.
1481 1985 1665 2020 Adversa-

197 2046 260 2079 riae
279 2044 376 2078 enim
402 2046 481 2078 istae
501 2046 612 2089 Resp.
637 2055 708 2078 non
738 2043 847 2077 armis
865 2043 992 2086 magis,
1007 2053 1115 2087 quam
1135 2042 1303 2076 institutis
1321 2042 1415 2076 inter
1432 2053 1469 2076 se
1487 2045 1663 2087 perpetuo

198 2101 433 2135 dimicabant.
485 2101 582 2134 Nam
600 2103 642 2134 ut
666 2100 819 2134 Athenis
836 2096 1086 2142 unusquisque
1100 2100 1214 2131 artem
1233 2098 1395 2142 aliquam
1419 2097 1575 2141 profiteri
1596 2100 1660 2132 aut

198 2160 384 2202 quaestum
401 2157 518 2190 facere
536 2156 739 2197 tenebatur,
756 2155 808 2188 ita
824 2157 861 2188 et
876 2152 1141 2187 Lacedaemone
1160 2153 1231 2186 vile
1250 2163 1390 2197 semper
1409 2151 1608 2186 habebatur
1623 2153 1660 2186 id

197 2213 403 2256 inglorium.
454 2213 609 2246 Exstitit
637 2212 734 2253 olim,
765 2210 892 2244 dubito
919 2220 1036 2245 annon
1057 2209 1164 2243 hodie
1191 2210 1319 2244 Romae
1342 2211 1477 2250 exstet,
1501 2209 1538 2242 in
1569 2209 1661 2244 Cod.

197 2269 282 2304 Ms.
310 2269 432 2313 Lysiae
460 2270 574 2303 oratio
599 2272 685 2303 κατὰ
701 2270 833 2309 Νικίου,
855 2268 987 2312 ἀργίας.
1035 2266 1250 2300 Laudantur
1266 2267 1310 2300 ab
1327 2265 1500 2310 Antiquis
1515 2267 1660 2301 Oratio-

198 2334 263 2357 nes
281 2325 403 2368 Lysiae
423 2327 508 2358 κατὰ
525 2326 673 2366 Νικίδου,
691 2327 776 2358 κατὰ
795 2325 923 2363 Νικίου,
943 2323 1285 2366 ἁργίας,θί(161ηῐ]111
1298 2324 1383 2355 κατὰ
1400 2323 1526 2363 Νικίου,
1543 2323 1659 2365 φόνου.

201 2379 264 2412 EX
282 2379 334 2412 his
348 2380 497 2414 omnino
517 2381 644 2413 eadem
663 2383 717 2413 est
729 2382 815 2413 κατὰ
832 2378 978 2420 Νικίδου,
995 2379 1032 2410 et
1047 2380 1128 2410 »cmi
1147 2379 1276 2418 Νικίου,
1294 2377 1426 2421 ἀργίας.
1478 2375 1662 2416 Quoniam

200 2435 317 2477 legem
332 2434 374 2467 cle
389 2433 511 2468 Oeioso
527 2436 652 2468 laudat
669 2435 837 2468 Laertius
853 2444 901 2467 ex
919 2433 1080 2466 oratione
1098 2434 1180 2465 κατὰ
1194 2431 1347 2471 Νικίδου,
1365 2433 1402 2463 et
1415 2430 1623 2474 ubicunque
1641 2441 1663 2463 a

202 2489 333 2522 ceteris
362 2488 530 2521 laudatur
557 2488 685 2523 Oratio
714 2490 849 2533 ἀργίας,
879 2487 937 2521 alii
956 2486 1110 2520 Codices
1127 2487 1251 2526 Nm'ov,
1281 2485 1340 2517 alii
1368 2484 1504 2517 Νικίδου
1521 2485 1658 2528 legunt.

200 2542 262 2577 Ad
279 2553 359 2576 eam
373 2544 482 2576 etiam
500 2554 646 2577 causam
661 2543 745 2586 jure
758 2543 880 2577 referri
897 2544 1048 2586 possunt
1065 2550 1287 2586 quaecunque
1305 2539 1502 2573 laudantur
1518 2551 1564 2573 ex
1581 2550 1661 2574 ora-

199 2598 299 2631 tione
312 2600 396 2631 κατὰ
413 2600 542 2632 Νικίου.
595 2598 744 2642 Optimo
761 2597 954 2641 eertejure
966 2596 1069 2630 retuli
1087 2606 1194 2629 voces
1211 2596 1378 2635 Κηττοὶ,
1405 2594 1662 2637 Ὀβολοστα-

202 2657 278 2696 ret,
306 2658 336 2686 H
348 2654 474 2697 οταμό
488 2666 516 2691 ς.
564 2652 636 2686 Vel
654 2653 751 2685 enim
778 2653 828 2686 ita
846 2653 979 2685 diserte
997 2650 1207 2691 laudantur,
1226 2648 1274 2684 vtl
1291 2648 1445 2681 istorum
1463 2649 1658 2682 vocabulo-

201 2718 283 2742 rum
305 2718 393 2741 usus
415 2706 574 2740 ostendit
598 2717 642 2739 ea
672 2706 708 2739 in
738 2706 943 2740 istiusmodi
972 2707 1116 2740 actione
1145 2705 1267 2737 locum
1283 2701 1459 2752 obtinere.
1510 2702 1594 2736 Hoc
1612 2704 1658 2737 de

199 2762 437 2806 Ὀβολοστατεῖ
465 2772 536 2794 ηοι]
555 2760 715 2804 negabis.
741 2759 839 2794 ‚Sed
866 2762 956 2795 unde
978 2761 1166 2804 γΠο·ιίιμός;
1193 2764 1314 2800 Κηττο.
1341 2757 1458 2791 unde?
1505 2756 1657 2793 Nomina

199 2824 291 2861 sunt,
310 2817 461 2862 inquies,
476 2817 653 2862 pagorum
669 2815 892 2849 Atticorum:
920 2815 978 2849 Tu
1001 2814 1169 2848 hominem
1196 2813 1278 2847 Oeii
1289 2810 1477 2845 insimulas.
1526 2811 1655 2847 Mane.

199 2873 237 2905 id
256 2872 376 2917 ipsum
393 2874 460 2912 est,
478 2871 576 2916 quod
593 2871 710 2905 velim.
762 2871 857 2904 Nam
883 2874 923 2904 ut
949 2869 1200 2914 unusquisque
1214 2877 1320 2915 pag-w
1338 2867 1413 2900 sive
1438 2866 1601 2912 populus,
1618 2869 1657 2902 in

200 2937 289 2970 quos
306 2929 383 2961 tota
399 2927 524 2961 Attica
542 2926 784 2968 scindebatur,
799 2926 877 2959 loeo
889 2924 1125 2959 dirimebatur
1138 2924 1294 2969 situque,
1307 2922 1352 2958 ia
1367 2921 1564 2966 aliquando
1582 2932 1659 2957 mo—

198 2980 308 3025 ribus,
335 2983 421 3016 vitae
443 2991 576 3026 genere
600 2983 637 3015 et
662 2980 888 3023 condicione,
916 2991 983 3015 usu
1012 2982 1049 3014 et
1072 2979 1219 3023 ingenio
1245 2973 1357 3016 dir'mi
1391 2979 1468 3011 erat
1496 2987 1656 3012 necesse.
