<?xml version="1.0" encoding="UTF-8"?>
<!DOCTYPE html PUBLIC "-//W3C//DTD XHTML 1.0 Transitional//EN"
    "http://www.w3.org/TR/xhtml1/DTD/xhtml1-transitional.dtd">
<html xmlns="http://www.w3.org/1999/xhtml" xml:lang="en" lang="en">
 <head>
  <title>
</title>
<meta http-equiv="Content-Type" content="text/html;charset=utf-8" />
  <meta name='ocr-system' content='tesseract 3.04.00' />
  <meta name='ocr-capabilities' content='ocr_page ocr_carea ocr_par ocr_line ocrx_word'/>
</head>
<body>
  <div class='ocr_page' id='page_1' title='image "./oratoresatticie02dobs_0077.png"; bbox 0 0 1819 3219; ppageno 0'>
   <div class='ocr_carea' id='block_1_1' title="bbox 633 201 1012 246">
    <p class='ocr_par' dir='ltr' id='par_1_1' title="bbox 633 201 1012 246">
     <span class='ocr_line' id='line_1_1' title="bbox 633 201 1012 246; baseline 0.005 -2"><span class='ocrx_word' id='word_1_1' title='bbox 633 201 825 245; x_wconf 81' lang='lat' dir='ltr'>LYSIAE</span> <span class='ocrx_word' id='word_1_2' title='bbox 854 203 1012 246; x_wconf 89' lang='lat' dir='ltr'>VITA.</span> 
     </span>
    </p>
   </div>
   <div class='ocr_carea' id='block_1_2' title="bbox 1500 205 1555 245">
    <p class='ocr_par' dir='ltr' id='par_1_2' title="bbox 1500 205 1555 245">
     <span class='ocr_line' id='line_1_2' title="bbox 1500 205 1555 245; baseline 0 0"><span class='ocrx_word' id='word_1_3' title='bbox 1500 205 1555 245; x_wconf 81' lang='lat'>35</span> 
     </span>
    </p>
   </div>
   <div class='ocr_carea' id='block_1_3' title="bbox 103 307 1566 1712">
    <p class='ocr_par' dir='ltr' id='par_1_3' title="bbox 103 307 1566 1712">
     <span class='ocr_line' id='line_1_3' title="bbox 107 307 1556 361; baseline 0.001 -15"><span class='ocrx_word' id='word_1_4' title='bbox 107 309 221 346; x_wconf 89' lang='lat' dir='ltr'>miam</span> <span class='ocrx_word' id='word_1_5' title='bbox 237 307 449 354; x_wconf 89' lang='lat' dir='ltr'>notissima,</span> <span class='ocrx_word' id='word_1_6' title='bbox 469 309 507 346; x_wconf 89' lang='lat' dir='ltr'>in</span> <span class='ocrx_word' id='word_1_7' title='bbox 529 322 574 347; x_wconf 88' lang='lat' dir='ltr'>ea</span> <span class='ocrx_word' id='word_1_8' title='bbox 594 316 704 360; x_wconf 81' lang='lat' dir='ltr'>parte</span> <span class='ocrx_word' id='word_1_9' title='bbox 725 324 874 361; x_wconf 86' lang='lat' dir='ltr'>magnae</span> <span class='ocrx_word' id='word_1_10' title='bbox 895 310 1102 358; x_wconf 53' lang='lat' dir='ltr'>Graeciaef</span> <span class='ocrx_word' id='word_1_11' title='bbox 1123 323 1188 348; x_wconf 84' lang='lat' dir='ltr'>seu</span> <span class='ocrx_word' id='word_1_12' title='bbox 1211 311 1333 348; x_wconf 67' lang='lat' dir='ltr'>Italiae</span> <span class='ocrx_word' id='word_1_13' title='bbox 1354 310 1401 348; x_wconf 81' lang='lat' dir='ltr'>ad</span> <span class='ocrx_word' id='word_1_14' title='bbox 1434 310 1556 348; x_wconf 87' lang='lat' dir='ltr'>sinum</span> 
     </span>
     <span class='ocr_line' id='line_1_4' title="bbox 103 369 1554 423; baseline 0.001 -16"><span class='ocrx_word' id='word_1_15' title='bbox 103 369 357 408; x_wconf 90' lang='lat' dir='ltr'>Tarentinum</span> <span class='ocrx_word' id='word_1_16' title='bbox 375 370 447 408; x_wconf 88' lang='lat' dir='ltr'>sita</span> <span class='ocrx_word' id='word_1_17' title='bbox 468 376 540 417; x_wconf 85' lang='lat' dir='ltr'>est,</span> <span class='ocrx_word' id='word_1_18' title='bbox 558 383 646 421; x_wconf 83' lang='lat' dir='ltr'>quae</span> <span class='ocrx_word' id='word_1_19' title='bbox 662 372 713 411; x_wconf 87' lang='lat' dir='ltr'>ad</span> <span class='ocrx_word' id='word_1_20' title='bbox 732 374 918 411; x_wconf 85' lang='lat' dir='ltr'><strong>Austrum</strong></span> <span class='ocrx_word' id='word_1_21' title='bbox 936 378 1087 423; x_wconf 87' lang='lat' dir='ltr'>spectat</span> <span class='ocrx_word' id='word_1_22' title='bbox 1104 378 1142 410; x_wconf 89' lang='lat' dir='ltr'>et</span> <span class='ocrx_word' id='word_1_23' title='bbox 1158 372 1402 410; x_wconf 86' lang='lat' dir='ltr'>occidentem</span> <span class='ocrx_word' id='word_1_24' title='bbox 1422 373 1554 409; x_wconf 82' lang='lat' dir='ltr'>solem.</span> 
     </span>
     <span class='ocr_line' id='line_1_5' title="bbox 105 431 1556 482; baseline 0.001 -14"><span class='ocrx_word' id='word_1_25' title='bbox 105 431 181 468; x_wconf 89' lang='lat' dir='ltr'>Per</span> <span class='ocrx_word' id='word_1_26' title='bbox 199 444 245 469; x_wconf 89' lang='lat' dir='ltr'>ea</span> <span class='ocrx_word' id='word_1_27' title='bbox 263 437 454 482; x_wconf 86' lang='lat' dir='ltr'>tempora,</span> <span class='ocrx_word' id='word_1_28' title='bbox 477 433 617 482; x_wconf 85' lang='lat' dir='ltr'>quibus</span> <span class='ocrx_word' id='word_1_29' title='bbox 640 434 869 472; x_wconf 77' lang='lat' dir='ltr'>Graecorum</span> <span class='ocrx_word' id='word_1_30' title='bbox 890 440 930 472; x_wconf 91' lang='lat' dir='ltr'>et</span> <span class='ocrx_word' id='word_1_31' title='bbox 950 433 1245 471; x_wconf 80' lang='lat' dir='ltr'><strong>Atheniensium</strong></span> <span class='ocrx_word' id='word_1_32' title='bbox 1275 432 1438 470; x_wconf 80' lang='lat' dir='ltr'>maxime</span> <span class='ocrx_word' id='word_1_33' title='bbox 1459 433 1556 470; x_wconf 88' lang='lat' dir='ltr'>For-</span> 
     </span>
     <span class='ocr_line' id='line_1_6' title="bbox 104 493 1556 544; baseline 0 -15"><span class='ocrx_word' id='word_1_34' title='bbox 104 498 198 529; x_wconf 84' lang='lat' dir='ltr'>tuna</span> <span class='ocrx_word' id='word_1_35' title='bbox 223 506 263 530; x_wconf 86' lang='lat' dir='ltr'>se</span> <span class='ocrx_word' id='word_1_36' title='bbox 294 494 497 540; x_wconf 80' lang='lat' dir='ltr'><strong>extulerat,</strong></span> <span class='ocrx_word' id='word_1_37' title='bbox 528 495 697 544; x_wconf 88' lang='lat' dir='ltr'>populus</span> <span class='ocrx_word' id='word_1_38' title='bbox 727 495 790 532; x_wconf 92' lang='lat' dir='ltr'>ille</span> <span class='ocrx_word' id='word_1_39' title='bbox 822 495 974 533; x_wconf 86' lang='lat' dir='ltr'>diutino</span> <span class='ocrx_word' id='word_1_40' title='bbox 1002 495 1104 532; x_wconf 91' lang='lat' dir='ltr'>bello</span> <span class='ocrx_word' id='word_1_41' title='bbox 1125 495 1285 541; x_wconf 82' lang='lat' dir='ltr'>fractus,</span> <span class='ocrx_word' id='word_1_42' title='bbox 1307 500 1424 543; x_wconf 86' lang='lat' dir='ltr'>atque</span> <span class='ocrx_word' id='word_1_43' title='bbox 1444 493 1556 530; x_wconf 88' lang='lat' dir='ltr'>etiam</span> 
     </span>
     <span class='ocr_line' id='line_1_7' title="bbox 107 553 1557 606; baseline 0.001 -16"><span class='ocrx_word' id='word_1_44' title='bbox 107 553 417 592; x_wconf 81' lang='lat' dir='ltr'>Crotoniatarum</span> <span class='ocrx_word' id='word_1_45' title='bbox 445 555 480 592; x_wconf 92' lang='lat' dir='ltr'>vi</span> <span class='ocrx_word' id='word_1_46' title='bbox 516 555 648 605; x_wconf 85' lang='lat' dir='ltr'>patriis</span> <span class='ocrx_word' id='word_1_47' title='bbox 681 554 836 593; x_wconf 88' lang='lat' dir='ltr'>sedibus</span> <span class='ocrx_word' id='word_1_48' title='bbox 865 555 1028 605; x_wconf 87' lang='lat' dir='ltr'>ejectus,</span> <span class='ocrx_word' id='word_1_49' title='bbox 1057 556 1201 606; x_wconf 84' lang='lat' dir='ltr'>legatos</span> <span class='ocrx_word' id='word_1_50' title='bbox 1230 555 1266 593; x_wconf 85' lang='lat' dir='ltr'>in</span> <span class='ocrx_word' id='word_1_51' title='bbox 1294 554 1489 592; x_wconf 81' lang='lat' dir='ltr'>Graeciam</span> <span class='ocrx_word' id='word_1_52' title='bbox 1509 554 1557 591; x_wconf 88' lang='lat' dir='ltr'>ad</span> 
     </span>
     <span class='ocr_line' id='line_1_8' title="bbox 107 615 1558 667; baseline 0 -15"><span class='ocrx_word' id='word_1_53' title='bbox 107 615 290 653; x_wconf 87' lang='lat' dir='ltr'>auxilium</span> <span class='ocrx_word' id='word_1_54' title='bbox 316 616 599 666; x_wconf 87' lang='lat' dir='ltr'>implorandum</span> <span class='ocrx_word' id='word_1_55' title='bbox 623 616 738 654; x_wconf 85' lang='lat' dir='ltr'>misit.</span> <span class='ocrx_word' id='word_1_56' title='bbox 797 618 1059 655; x_wconf 84' lang='lat' dir='ltr'>Ostentabant</span> <span class='ocrx_word' id='word_1_57' title='bbox 1082 617 1163 667; x_wconf 82' lang='lat' dir='ltr'>agri</span> <span class='ocrx_word' id='word_1_58' title='bbox 1184 616 1436 662; x_wconf 77' lang='lat' dir='ltr'>fertilitatem,</span> <span class='ocrx_word' id='word_1_59' title='bbox 1457 628 1558 652; x_wconf 88' lang='lat' dir='ltr'>com-</span> 
     </span>
     <span class='ocr_line' id='line_1_9' title="bbox 107 676 1559 729; baseline -0.001 -15"><span class='ocrx_word' id='word_1_60' title='bbox 107 677 332 715; x_wconf 84' lang='lat' dir='ltr'>moditatem</span> <span class='ocrx_word' id='word_1_61' title='bbox 354 677 443 722; x_wconf 88' lang='lat' dir='ltr'>loci,</span> <span class='ocrx_word' id='word_1_62' title='bbox 467 691 580 728; x_wconf 87' lang='lat' dir='ltr'>quem</span> <span class='ocrx_word' id='word_1_63' title='bbox 601 678 638 715; x_wconf 87' lang='lat' dir='ltr'>in</span> <span class='ocrx_word' id='word_1_64' title='bbox 662 678 831 717; x_wconf 81' lang='lat' dir='ltr'>Siciliam</span> <span class='ocrx_word' id='word_1_65' title='bbox 854 679 1122 729; x_wconf 82' lang='lat' dir='ltr'>navigantibus</span> <span class='ocrx_word' id='word_1_66' title='bbox 1143 679 1203 716; x_wconf 89' lang='lat' dir='ltr'>vel</span> <span class='ocrx_word' id='word_1_67' title='bbox 1228 683 1384 728; x_wconf 85' lang='lat' dir='ltr'>portum</span> <span class='ocrx_word' id='word_1_68' title='bbox 1406 676 1559 715; x_wconf 89' lang='lat' dir='ltr'>amicis-</span> 
     </span>
     <span class='ocr_line' id='line_1_10' title="bbox 107 739 1557 790; baseline -0.001 -14"><span class='ocrx_word' id='word_1_69' title='bbox 107 739 258 785; x_wconf 88' lang='lat' dir='ltr'>simum,</span> <span class='ocrx_word' id='word_1_70' title='bbox 278 739 352 786; x_wconf 91' lang='lat' dir='ltr'>vel,</span> <span class='ocrx_word' id='word_1_71' title='bbox 382 739 411 776; x_wconf 92' lang='lat' dir='ltr'>si</span> <span class='ocrx_word' id='word_1_72' title='bbox 441 739 507 777; x_wconf 86' lang='lat' dir='ltr'>alii</span> <span class='ocrx_word' id='word_1_73' title='bbox 536 747 788 790; x_wconf 81' lang='lat' dir='ltr'>occuparent,</span> <span class='ocrx_word' id='word_1_74' title='bbox 824 741 1027 778; x_wconf 84' lang='lat' dir='ltr'>stationem</span> <span class='ocrx_word' id='word_1_75' title='bbox 1062 740 1355 778; x_wconf 82' lang='lat' dir='ltr'>infensissimam</span> <span class='ocrx_word' id='word_1_76' title='bbox 1382 745 1557 790; x_wconf 87' lang='lat' dir='ltr'>paratum</span> 
     </span>
     <span class='ocr_line' id='line_1_11' title="bbox 107 800 1559 851; baseline -0.001 -14"><span class='ocrx_word' id='word_1_77' title='bbox 107 812 192 838; x_wconf 87' lang='lat' dir='ltr'>esse</span> <span class='ocrx_word' id='word_1_78' title='bbox 212 800 420 838; x_wconf 83' lang='lat' dir='ltr'>dicebant:</span> <span class='ocrx_word' id='word_1_79' title='bbox 447 800 495 839; x_wconf 85' lang='lat' dir='ltr'>ad</span> <span class='ocrx_word' id='word_1_80' title='bbox 519 801 603 839; x_wconf 84' lang='lat' dir='ltr'>haec</span> <span class='ocrx_word' id='word_1_81' title='bbox 630 814 808 851; x_wconf 86' lang='lat' dir='ltr'>agrorum</span> <span class='ocrx_word' id='word_1_82' title='bbox 837 802 1164 850; x_wconf 80' lang='lat' dir='ltr'>communionem,</span> <span class='ocrx_word' id='word_1_83' title='bbox 1194 800 1387 838; x_wconf 83' lang='lat' dir='ltr'>civitatem</span> <span class='ocrx_word' id='word_1_84' title='bbox 1410 806 1559 837; x_wconf 81' lang='lat' dir='ltr'>cetera-</span> 
     </span>
     <span class='ocr_line' id='line_1_12' title="bbox 110 862 1559 914; baseline -0.001 -16"><span class='ocrx_word' id='word_1_85' title='bbox 110 873 186 911; x_wconf 89' lang='lat' dir='ltr'>que</span> <span class='ocrx_word' id='word_1_86' title='bbox 206 862 399 911; x_wconf 84' lang='lat' dir='ltr'>ejusmodi</span> <span class='ocrx_word' id='word_1_87' title='bbox 418 862 576 912; x_wconf 84' lang='lat' dir='ltr'>praemia</span> <span class='ocrx_word' id='word_1_88' title='bbox 596 863 899 914; x_wconf 78' lang='lat' dir='ltr'>pollicebantur.</span> <span class='ocrx_word' id='word_1_89' title='bbox 957 862 1253 900; x_wconf 84' lang='lat' dir='ltr'>Inflammabant</span> <span class='ocrx_word' id='word_1_90' title='bbox 1282 862 1363 899; x_wconf 84' lang='lat' dir='ltr'>haec</span> <span class='ocrx_word' id='word_1_91' title='bbox 1399 862 1559 898; x_wconf 82' lang='lat' dir='ltr'>maxime</span> 
     </span>
     <span class='ocr_line' id='line_1_13' title="bbox 107 922 1560 975; baseline 0 -16"><span class='ocrx_word' id='word_1_92' title='bbox 107 922 256 960; x_wconf 90' lang='lat' dir='ltr'>animos</span> <span class='ocrx_word' id='word_1_93' title='bbox 276 924 585 971; x_wconf 84' lang='lat' dir='ltr'>Atheniensium,</span> <span class='ocrx_word' id='word_1_94' title='bbox 607 924 765 975; x_wconf 88' lang='lat' dir='ltr'>quijam</span> <span class='ocrx_word' id='word_1_95' title='bbox 786 924 867 965; x_wconf 64' lang='lat' dir='ltr'>adi·</span> <span class='ocrx_word' id='word_1_96' title='bbox 890 925 1108 975; x_wconf 87' lang='lat' dir='ltr'>provincias</span> <span class='ocrx_word' id='word_1_97' title='bbox 1125 922 1416 962; x_wconf 84' lang='lat' dir='ltr'>constituendas</span> <span class='ocrx_word' id='word_1_98' title='bbox 1438 928 1477 960; x_wconf 91' lang='lat' dir='ltr'>et</span> <span class='ocrx_word' id='word_1_99' title='bbox 1499 922 1560 958; x_wconf 82' lang='lat' dir='ltr'>Si-</span> 
     </span>
     <span class='ocr_line' id='line_1_14' title="bbox 108 983 1555 1036; baseline -0.001 -15"><span class='ocrx_word' id='word_1_100' title='bbox 108 984 234 1022; x_wconf 85' lang='lat' dir='ltr'>ciliam</span> <span class='ocrx_word' id='word_1_101' title='bbox 264 985 435 1023; x_wconf 84' lang='lat' dir='ltr'>alludere</span> <span class='ocrx_word' id='word_1_102' title='bbox 465 991 678 1036; x_wconf 85' lang='lat' dir='ltr'>coeperunt.</span> <span class='ocrx_word' id='word_1_103' title='bbox 735 986 832 1023; x_wconf 88' lang='lat' dir='ltr'>Cum</span> <span class='ocrx_word' id='word_1_104' title='bbox 855 986 970 1035; x_wconf 82' lang='lat' dir='ltr'>igitur</span> <span class='ocrx_word' id='word_1_105' title='bbox 991 999 1011 1023; x_wconf 88' lang='lat' dir='ltr'>a</span> <span class='ocrx_word' id='word_1_106' title='bbox 1031 985 1247 1035; x_wconf 78' lang='lat' dir='ltr'>Spartanis,</span> <span class='ocrx_word' id='word_1_107' title='bbox 1271 985 1318 1022; x_wconf 89' lang='lat' dir='ltr'>ad</span> <span class='ocrx_word' id='word_1_108' title='bbox 1343 997 1441 1034; x_wconf 86' lang='lat' dir='ltr'>quos</span> <span class='ocrx_word' id='word_1_109' title='bbox 1476 983 1555 1033; x_wconf 89' lang='lat' dir='ltr'>pri-</span> 
     </span>
     <span class='ocr_line' id='line_1_15' title="bbox 108 1043 1558 1099; baseline -0.001 -16"><span class='ocrx_word' id='word_1_110' title='bbox 108 1059 192 1084; x_wconf 88' lang='lat' dir='ltr'>mos</span> <span class='ocrx_word' id='word_1_111' title='bbox 212 1047 327 1097; x_wconf 87' lang='lat' dir='ltr'>legati</span> <span class='ocrx_word' id='word_1_112' title='bbox 349 1043 610 1099; x_wconf 80' lang='lat' dir='ltr'>Sybaritarum</span> <span class='ocrx_word' id='word_1_113' title='bbox 631 1053 828 1094; x_wconf 81' lang='lat' dir='ltr'>venerant,</span> <span class='ocrx_word' id='word_1_114' title='bbox 850 1047 944 1084; x_wconf 87' lang='lat' dir='ltr'>nihil</span> <span class='ocrx_word' id='word_1_115' title='bbox 966 1047 1161 1098; x_wconf 87' lang='lat' dir='ltr'>impetrari</span> <span class='ocrx_word' id='word_1_116' title='bbox 1182 1047 1323 1097; x_wconf 82' lang='lat' dir='ltr'>potuit,</span> <span class='ocrx_word' id='word_1_117' title='bbox 1342 1045 1558 1083; x_wconf 89' lang='lat' dir='ltr'>Athenien-</span> 
     </span>
     <span class='ocr_line' id='line_1_16' title="bbox 110 1106 1563 1158; baseline -0.002 -13"><span class='ocrx_word' id='word_1_118' title='bbox 110 1121 169 1145; x_wconf 89' lang='lat' dir='ltr'>ses</span> <span class='ocrx_word' id='word_1_119' title='bbox 183 1108 346 1146; x_wconf 85' lang='lat' dir='ltr'>Periclis</span> <span class='ocrx_word' id='word_1_120' title='bbox 364 1121 478 1146; x_wconf 88' lang='lat' dir='ltr'>suasu</span> <span class='ocrx_word' id='word_1_121' title='bbox 499 1115 537 1146; x_wconf 87' lang='lat' dir='ltr'>et</span> <span class='ocrx_word' id='word_1_122' title='bbox 553 1108 784 1147; x_wconf 84' lang='lat' dir='ltr'>auctoritate</span> <span class='ocrx_word' id='word_1_123' title='bbox 804 1108 940 1146; x_wconf 86' lang='lat' dir='ltr'>decem</span> <span class='ocrx_word' id='word_1_124' title='bbox 957 1108 1129 1146; x_wconf 76' lang='lat' dir='ltr'>triremes</span> <span class='ocrx_word' id='word_1_125' title='bbox 1149 1108 1275 1158; x_wconf 88' lang='lat' dir='ltr'>patrio</span> <span class='ocrx_word' id='word_1_126' title='bbox 1296 1120 1400 1145; x_wconf 83' lang='lat' dir='ltr'>more</span> <span class='ocrx_word' id='word_1_127' title='bbox 1420 1106 1563 1144; x_wconf 85' lang='lat' dir='ltr'>auxilio</span> 
     </span>
     <span class='ocr_line' id='line_1_17' title="bbox 110 1168 1562 1222; baseline -0.002 -14"><span class='ocrx_word' id='word_1_128' title='bbox 110 1169 297 1222; x_wconf 78' lang='lat' dir='ltr'>Sybaritis</span> <span class='ocrx_word' id='word_1_129' title='bbox 319 1169 467 1209; x_wconf 79' lang='lat' dir='ltr'>misere.</span> <span class='ocrx_word' id='word_1_130' title='bbox 524 1170 569 1207; x_wconf 88' lang='lat' dir='ltr'>Ei</span> <span class='ocrx_word' id='word_1_131' title='bbox 590 1169 705 1207; x_wconf 81' lang='lat' dir='ltr'>classi</span> <span class='ocrx_word' id='word_1_132' title='bbox 725 1169 914 1220; x_wconf 84' lang='lat' dir='ltr'>praefuere</span> <span class='ocrx_word' id='word_1_133' title='bbox 935 1170 1102 1221; x_wconf 74' lang='lat' dir='ltr'>Lamp0‡</span> <span class='ocrx_word' id='word_1_134' title='bbox 1123 1175 1162 1207; x_wconf 89' lang='lat' dir='ltr'>et</span> <span class='ocrx_word' id='word_1_135' title='bbox 1182 1168 1436 1206; x_wconf 86' lang='lat' dir='ltr'>Xenocritus.</span> <span class='ocrx_word' id='word_1_136' title='bbox 1485 1168 1562 1205; x_wconf 80' lang='lat' dir='ltr'>Co—</span> 
     </span>
     <span class='ocr_line' id='line_1_18' title="bbox 109 1229 1563 1279; baseline -0.002 -10"><span class='ocrx_word' id='word_1_137' title='bbox 109 1231 223 1270; x_wconf 87' lang='lat' dir='ltr'>loniae</span> <span class='ocrx_word' id='word_1_138' title='bbox 237 1231 478 1269; x_wconf 86' lang='lat' dir='ltr'>deducendae</span> <span class='ocrx_word' id='word_1_139' title='bbox 496 1231 592 1269; x_wconf 86' lang='lat' dir='ltr'>socii</span> <span class='ocrx_word' id='word_1_140' title='bbox 611 1231 720 1269; x_wconf 88' lang='lat' dir='ltr'>fuere</span> <span class='ocrx_word' id='word_1_141' title='bbox 741 1237 820 1269; x_wconf 90' lang='lat' dir='ltr'>tum</span> <span class='ocrx_word' id='word_1_142' title='bbox 837 1231 900 1268; x_wconf 89' lang='lat' dir='ltr'>alii</span> <span class='ocrx_word' id='word_1_143' title='bbox 920 1231 991 1269; x_wconf 91' lang='lat' dir='ltr'>viri</span> <span class='ocrx_word' id='word_1_144' title='bbox 1012 1238 1049 1269; x_wconf 91' lang='lat' dir='ltr'>et</span> <span class='ocrx_word' id='word_1_145' title='bbox 1066 1230 1283 1269; x_wconf 86' lang='lat' dir='ltr'>eruditione</span> <span class='ocrx_word' id='word_1_146' title='bbox 1303 1237 1342 1267; x_wconf 78' lang='lat' dir='ltr'>et</span> <span class='ocrx_word' id='word_1_147' title='bbox 1363 1229 1477 1267; x_wconf 90' lang='lat' dir='ltr'>rebus</span> <span class='ocrx_word' id='word_1_148' title='bbox 1497 1243 1563 1279; x_wconf 80' lang='lat' dir='ltr'>ge-</span> 
     </span>
     <span class='ocr_line' id='line_1_19' title="bbox 108 1290 1563 1344; baseline -0.001 -14"><span class='ocrx_word' id='word_1_149' title='bbox 108 1292 177 1330; x_wconf 85' lang='lat' dir='ltr'>stis</span> <span class='ocrx_word' id='word_1_150' title='bbox 198 1293 379 1340; x_wconf 81' lang='lat' dir='ltr'>illustres,</span> <span class='ocrx_word' id='word_1_151' title='bbox 405 1299 485 1330; x_wconf 81' lang='lat' dir='ltr'>tuni</span> <span class='ocrx_word' id='word_1_152' title='bbox 508 1293 620 1330; x_wconf 88' lang='lat' dir='ltr'>etiam</span> <span class='ocrx_word' id='word_1_153' title='bbox 643 1292 871 1331; x_wconf 88' lang='lat' dir='ltr'>Herodotus</span> <span class='ocrx_word' id='word_1_154' title='bbox 892 1299 929 1330; x_wconf 86' lang='lat' dir='ltr'>et</span> <span class='ocrx_word' id='word_1_155' title='bbox 949 1292 1215 1344; x_wconf 87' lang='lat' dir='ltr'>Thucydides.</span> <span class='ocrx_word' id='word_1_156' title='bbox 1274 1291 1344 1328; x_wconf 89' lang='lat' dir='ltr'>Ille</span> <span class='ocrx_word' id='word_1_157' title='bbox 1371 1290 1422 1328; x_wconf 93' lang='lat' dir='ltr'>ob</span> <span class='ocrx_word' id='word_1_158' title='bbox 1447 1291 1563 1328; x_wconf 89' lang='lat' dir='ltr'>diuti-</span> 
     </span>
     <span class='ocr_line' id='line_1_20' title="bbox 108 1352 1565 1405; baseline -0.001 -14"><span class='ocrx_word' id='word_1_159' title='bbox 108 1366 195 1392; x_wconf 88' lang='lat' dir='ltr'>nam</span> <span class='ocrx_word' id='word_1_160' title='bbox 213 1353 348 1392; x_wconf 86' lang='lat' dir='ltr'>inistis</span> <span class='ocrx_word' id='word_1_161' title='bbox 365 1354 587 1405; x_wconf 78' lang='lat' dir='ltr'>regionibus</span> <span class='ocrx_word' id='word_1_162' title='bbox 603 1355 854 1399; x_wconf 83' lang='lat' dir='ltr'>mansionem,</span> <span class='ocrx_word' id='word_1_163' title='bbox 869 1354 935 1393; x_wconf 91' lang='lat' dir='ltr'>ubi</span> <span class='ocrx_word' id='word_1_164' title='bbox 951 1355 1063 1393; x_wconf 84' lang='lat' dir='ltr'>etiam</span> <span class='ocrx_word' id='word_1_165' title='bbox 1080 1359 1117 1392; x_wconf 88' lang='lat' dir='ltr'>et</span> <span class='ocrx_word' id='word_1_166' title='bbox 1131 1354 1329 1392; x_wconf 83' lang='lat' dir='ltr'>historiam</span> <span class='ocrx_word' id='word_1_167' title='bbox 1344 1352 1565 1391; x_wconf 81' lang='lat' dir='ltr'>condidisse</span> 
     </span>
     <span class='ocr_line' id='line_1_21' title="bbox 107 1413 1565 1467; baseline -0.001 -14"><span class='ocrx_word' id='word_1_168' title='bbox 107 1429 130 1453; x_wconf 86' lang='lat' dir='ltr'>a</span> <span class='ocrx_word' id='word_1_169' title='bbox 161 1415 311 1467; x_wconf 82' lang='lat' dir='ltr'>Plinio§</span> <span class='ocrx_word' id='word_1_170' title='bbox 351 1415 485 1463; x_wconf 81' lang='lat' dir='ltr'>fertur,</span> <span class='ocrx_word' id='word_1_171' title='bbox 516 1416 740 1454; x_wconf 88' lang='lat' dir='ltr'>Herodotus</span> <span class='ocrx_word' id='word_1_172' title='bbox 772 1417 938 1455; x_wconf 89' lang='lat' dir='ltr'>Thurius</span> <span class='ocrx_word' id='word_1_173' title='bbox 969 1415 1158 1467; x_wconf 86' lang='lat' dir='ltr'>appellari</span> <span class='ocrx_word' id='word_1_174' title='bbox 1188 1415 1350 1452; x_wconf 82' lang='lat' dir='ltr'>solebat.</span> <span class='ocrx_word' id='word_1_175' title='bbox 1408 1413 1507 1451; x_wconf 81' lang='lat' dir='ltr'>Nam</span> <span class='ocrx_word' id='word_1_176' title='bbox 1526 1420 1565 1451; x_wconf 85' lang='lat' dir='ltr'>et</span> 
     </span>
     <span class='ocr_line' id='line_1_22' title="bbox 106 1475 1566 1529; baseline -0.001 -15"><span class='ocrx_word' id='word_1_177' title='bbox 106 1475 334 1528; x_wconf 81' lang='lat' dir='ltr'>prooemium</span> <span class='ocrx_word' id='word_1_178' title='bbox 354 1478 464 1524; x_wconf 83' lang='lat' dir='ltr'>illud,</span> <span class='ocrx_word' id='word_1_179' title='bbox 487 1478 593 1528; x_wconf 86' lang='lat' dir='ltr'>quod</span> <span class='ocrx_word' id='word_1_180' title='bbox 623 1478 709 1528; x_wconf 84' lang='lat' dir='ltr'>ejus</span> <span class='ocrx_word' id='word_1_181' title='bbox 735 1477 906 1517; x_wconf 82' lang='lat' dir='ltr'>historiae</span> <span class='ocrx_word' id='word_1_182' title='bbox 937 1478 1190 1529; x_wconf 70' lang='lat' dir='ltr'>praeponitur,</span> <span class='ocrx_word' id='word_1_183' title='bbox 1210 1490 1231 1515; x_wconf 83' lang='lat' dir='ltr'>a</span> <span class='ocrx_word' id='word_1_184' title='bbox 1251 1476 1484 1525; x_wconf 84' lang='lat' dir='ltr'>Plesirrhoo,</span> <span class='ocrx_word' id='word_1_185' title='bbox 1511 1475 1566 1513; x_wconf 90' lang='lat' dir='ltr'>uti</span> 
     </span>
     <span class='ocr_line' id='line_1_23' title="bbox 109 1537 1566 1589; baseline -0.001 -13"><span class='ocrx_word' id='word_1_186' title='bbox 109 1539 340 1589; x_wconf 88' lang='lat' dir='ltr'>quibusdam</span> <span class='ocrx_word' id='word_1_187' title='bbox 361 1539 527 1586; x_wconf 86' lang='lat' dir='ltr'>videtur,</span> <span class='ocrx_word' id='word_1_188' title='bbox 551 1540 839 1586; x_wconf 83' lang='lat' dir='ltr'>concinnatum,</span> <span class='ocrx_word' id='word_1_189' title='bbox 859 1541 973 1578; x_wconf 88' lang='lat' dir='ltr'>aliter</span> <span class='ocrx_word' id='word_1_190' title='bbox 992 1539 1096 1589; x_wconf 84' lang='lat' dir='ltr'>apud</span> <span class='ocrx_word' id='word_1_191' title='bbox 1118 1538 1212 1576; x_wconf 88' lang='lat' dir='ltr'>alios</span> <span class='ocrx_word' id='word_1_192' title='bbox 1233 1537 1385 1588; x_wconf 81' lang='lat' dir='ltr'>legitur.</span> <span class='ocrx_word' id='word_1_193' title='bbox 1443 1538 1495 1575; x_wconf 85' lang='grc' dir='ltr'>Τὸ</span> <span class='ocrx_word' id='word_1_194' title='bbox 1517 1537 1566 1583; x_wconf 74' lang='grc' dir='ltr'>δὲ,</span> 
     </span>
     <span class='ocr_line' id='line_1_24' title="bbox 107 1599 1564 1652; baseline -0.001 -14"><span class='ocrx_word' id='word_1_195' title='bbox 107 1599 309 1651; x_wconf 77' lang='grc' dir='ltr'>Ἡροδότου</span> <span class='ocrx_word' id='word_1_196' title='bbox 326 1602 655 1651; x_wconf 74' lang='grc' dir='ltr'>“Αλικιιρνασσέως</span> <span class='ocrx_word' id='word_1_197' title='bbox 678 1603 840 1652; x_wconf 77' lang='grc' dir='ltr'>ἱστορίης</span> <span class='ocrx_word' id='word_1_198' title='bbox 862 1601 1030 1648; x_wconf 70' lang='grc' dir='ltr'>ἀπόδεξις</span> <span class='ocrx_word' id='word_1_199' title='bbox 1049 1600 1124 1647; x_wconf 79' lang='grc' dir='ltr'>ἥδε,</span> <span class='ocrx_word' id='word_1_200' title='bbox 1144 1601 1280 1638; x_wconf 86' lang='grc' dir='ltr'>πολλοὶ</span> <span class='ocrx_word' id='word_1_201' title='bbox 1304 1600 1564 1651; x_wconf 79' lang='grc' dir='ltr'>μεταγράφου-</span> 
     </span>
     <span class='ocr_line' id='line_1_25' title="bbox 112 1660 1564 1712; baseline -0.001 -14"><span class='ocrx_word' id='word_1_202' title='bbox 112 1677 187 1706; x_wconf 84' lang='grc' dir='ltr'>σιν,</span> <span class='ocrx_word' id='word_1_203' title='bbox 204 1660 401 1711; x_wconf 82' lang='grc' dir='ltr'>Ἡροδότου</span> <span class='ocrx_word' id='word_1_204' title='bbox 419 1661 587 1712; x_wconf 81' lang='grc' dir='ltr'>Θουρίου.</span> <span class='ocrx_word' id='word_1_205' title='bbox 621 1662 819 1700; x_wconf 81' lang='lat' dir='ltr'>Plutarch.</span> <span class='ocrx_word' id='word_1_206' title='bbox 841 1663 890 1700; x_wconf 90' lang='lat' dir='ltr'>de</span> <span class='ocrx_word' id='word_1_207' title='bbox 910 1663 1071 1699; x_wconf 86' lang='lat' dir='ltr'>Exsilio.</span> <span class='ocrx_word' id='word_1_208' title='bbox 1129 1662 1190 1698; x_wconf 87' lang='lat' dir='ltr'>lta</span> <span class='ocrx_word' id='word_1_209' title='bbox 1210 1661 1247 1698; x_wconf 90' lang='lat' dir='ltr'>in</span> <span class='ocrx_word' id='word_1_210' title='bbox 1270 1674 1339 1698; x_wconf 91' lang='lat' dir='ltr'>suo</span> <span class='ocrx_word' id='word_1_211' title='bbox 1358 1661 1460 1699; x_wconf 91' lang='lat' dir='ltr'>Cod.</span> <span class='ocrx_word' id='word_1_212' title='bbox 1479 1674 1564 1710; x_wconf 84' lang='lat' dir='ltr'>rep-</span> 
     </span>
    </p>
   </div>
   <div class='ocr_carea' id='block_1_4' title="bbox 111 1740 835 3021">
    <p class='ocr_par' dir='ltr' id='par_1_4' title="bbox 112 1740 701 1780">
     <span class='ocr_line' id='line_1_26' title="bbox 112 1740 701 1780; baseline 0.002 -10"><span class='ocrx_word' id='word_1_213' title='bbox 112 1747 271 1770; x_wconf 76' lang='lat' dir='ltr'>narrantur</span> <span class='ocrx_word' id='word_1_214' title='bbox 285 1741 324 1770; x_wconf 86' lang='lat' dir='ltr'>de</span> <span class='ocrx_word' id='word_1_215' title='bbox 340 1740 429 1770; x_wconf 87' lang='lat' dir='ltr'>istius</span> <span class='ocrx_word' id='word_1_216' title='bbox 445 1740 553 1780; x_wconf 88' lang='lat' dir='ltr'>populi</span> <span class='ocrx_word' id='word_1_217' title='bbox 570 1741 701 1771; x_wconf 89' lang='lat' dir='ltr'>luxuria.</span> 
     </span>
    </p>

    <p class='ocr_par' dir='ltr' id='par_1_5' title="bbox 112 1783 824 1900">
     <span class='ocr_line' id='line_1_27' title="bbox 155 1783 824 1825; baseline 0.003 -13"><span class='ocrx_word' id='word_1_218' title='bbox 155 1783 174 1802; x_wconf 68' lang='lat'>*⁵</span> <span class='ocrx_word' id='word_1_219' title='bbox 190 1784 367 1813; x_wconf 72' lang='lat' dir='ltr'>Vocabatur</span> <span class='ocrx_word' id='word_1_220' title='bbox 392 1785 482 1813; x_wconf 83' lang='lat' dir='ltr'>etiam</span> <span class='ocrx_word' id='word_1_221' title='bbox 507 1784 610 1825; x_wconf 85' lang='lat' dir='ltr'>Major</span> <span class='ocrx_word' id='word_1_222' title='bbox 635 1789 667 1814; x_wconf 86' lang='lat' dir='ltr'>et</span> <span class='ocrx_word' id='word_1_223' title='bbox 691 1785 824 1814; x_wconf 81' lang='lat' dir='ltr'>Exoticn</span> 
     </span>
     <span class='ocr_line' id='line_1_28' title="bbox 115 1825 824 1866; baseline 0.003 -11"><span class='ocrx_word' id='word_1_224' title='bbox 115 1825 243 1856; x_wconf 83' lang='lat' dir='ltr'>Graecia.</span> <span class='ocrx_word' id='word_1_225' title='bbox 271 1827 345 1856; x_wconf 83' lang='lat' dir='ltr'>vid.</span> <span class='ocrx_word' id='word_1_226' title='bbox 371 1827 486 1866; x_wconf 80' lang='lat' dir='ltr'>Soalig.</span> <span class='ocrx_word' id='word_1_227' title='bbox 511 1832 542 1856; x_wconf 85' lang='lat' dir='ltr'>et</span> <span class='ocrx_word' id='word_1_228' title='bbox 567 1827 679 1856; x_wconf 81' lang='lat' dir='ltr'>Dacier</span> <span class='ocrx_word' id='word_1_229' title='bbox 705 1828 742 1857; x_wconf 86' lang='lat' dir='ltr'>ad</span> <span class='ocrx_word' id='word_1_230' title='bbox 765 1828 824 1857; x_wconf 87' lang='lat' dir='ltr'>Fe-</span> 
     </span>
     <span class='ocr_line' id='line_1_29' title="bbox 112 1873 204 1900; baseline -0.013 -1"><span class='ocrx_word' id='word_1_231' title='bbox 112 1873 204 1900; x_wconf 88' lang='lat' dir='ltr'>stum.</span> 
     </span>
    </p>

    <p class='ocr_par' dir='ltr' id='par_1_6' title="bbox 111 1909 827 2081">
     <span class='ocr_line' id='line_1_30' title="bbox 155 1909 827 1954; baseline 0 -13"><span class='ocrx_word' id='word_1_232' title='bbox 155 1915 171 1945; x_wconf 78' lang='lat'>†</span> <span class='ocrx_word' id='word_1_233' title='bbox 186 1911 240 1941; x_wconf 73' lang='grc' dir='ltr'>Καὶ</span> <span class='ocrx_word' id='word_1_234' title='bbox 254 1909 409 1954; x_wconf 73' lang='grc' dir='ltr'>Χεῤῥόνησον</span> <span class='ocrx_word' id='word_1_235' title='bbox 422 1911 470 1941; x_wconf 78' lang='grc' dir='ltr'>καὶ</span> <span class='ocrx_word' id='word_1_236' title='bbox 484 1911 570 1950; x_wconf 77' lang='grc' dir='ltr'>Νάξον</span> <span class='ocrx_word' id='word_1_237' title='bbox 585 1923 633 1941; x_wconf 85' lang='grc' dir='ltr'>και</span> <span class='ocrx_word' id='word_1_238' title='bbox 648 1914 697 1943; x_wconf 79' lang='grc' dir='ltr'>τῆν</span> <span class='ocrx_word' id='word_1_239' title='bbox 712 1911 827 1946; x_wconf 70' lang='grc' dir='ltr'>Εὔβοιαν</span> 
     </span>
     <span class='ocr_line' id='line_1_31' title="bbox 111 1953 826 1996; baseline 0 -12"><span class='ocrx_word' id='word_1_240' title='bbox 111 1954 237 1996; x_wconf 70' lang='grc' dir='ltr'>εἴχομεν·</span> <span class='ocrx_word' id='word_1_241' title='bbox 259 1956 451 1988; x_wconf 76' lang='grc' dir='ltr'>πλείστας</span> <span class='ocrx_word' id='word_1_242' title='bbox 472 1953 495 1984; x_wconf 75' lang='grc' dir='ltr'>δ</span> <span class='ocrx_word' id='word_1_243' title='bbox 517 1953 695 1989; x_wconf 78' lang='grc' dir='ltr'><strong><em>ἀποικίας</em></strong></span> <span class='ocrx_word' id='word_1_244' title='bbox 719 1954 745 1984; x_wconf 81' lang='grc' dir='ltr'>ἐν</span> <span class='ocrx_word' id='word_1_245' title='bbox 766 1957 826 1990; x_wconf 82' lang='grc' dir='ltr'>τοῖς</span> 
     </span>
     <span class='ocr_line' id='line_1_32' title="bbox 114 1997 825 2039; baseline 0.001 -12"><span class='ocrx_word' id='word_1_246' title='bbox 114 1998 217 2039; x_wconf 61' lang='grc' dir='ltr'>χρόνοις</span> <span class='ocrx_word' id='word_1_247' title='bbox 242 2009 352 2032; x_wconf 86' lang='grc' dir='ltr'>τουτοις</span> <span class='ocrx_word' id='word_1_248' title='bbox 379 1997 613 2038; x_wconf 64' lang='grc' dir='ltr'>ἀπεστείλαμεν.</span> <span class='ocrx_word' id='word_1_249' title='bbox 650 1999 758 2028; x_wconf 80' lang='lat' dir='ltr'>AEscb.</span> <span class='ocrx_word' id='word_1_250' title='bbox 786 1999 825 2028; x_wconf 89' lang='lat' dir='ltr'>de</span> 
     </span>
     <span class='ocr_line' id='line_1_33' title="bbox 114 2039 477 2081; baseline 0 -11"><span class='ocrx_word' id='word_1_251' title='bbox 114 2046 228 2070; x_wconf 85' lang='lat' dir='ltr'>ement.</span> <span class='ocrx_word' id='word_1_252' title='bbox 241 2040 334 2079; x_wconf 86' lang='lat' dir='ltr'>legat.</span> <span class='ocrx_word' id='word_1_253' title='bbox 354 2040 395 2081; x_wconf 52' lang='grc' dir='ltr'>[ᾗ.</span> <span class='ocrx_word' id='word_1_254' title='bbox 411 2039 449 2070; x_wconf 82' lang='grc' dir='ltr'>νδ’</span> <span class='ocrx_word' id='word_1_255' title='bbox 454 2041 477 2081; x_wconf 91' lang='grc'>.]</span> 
     </span>
    </p>

    <p class='ocr_par' dir='ltr' id='par_1_7' title="bbox 114 2082 835 3021">
     <span class='ocr_line' id='line_1_34' title="bbox 159 2082 827 2125; baseline 0.001 -13"><span class='ocrx_word' id='word_1_256' title='bbox 159 2087 174 2121; x_wconf 76' lang='lat' dir='ltr'>ss</span> <span class='ocrx_word' id='word_1_257' title='bbox 190 2085 324 2123; x_wconf 65' lang='grc' dir='ltr'>Περικλῆς</span> <span class='ocrx_word' id='word_1_258' title='bbox 343 2082 478 2123; x_wconf 79' lang='grc' dir='ltr'><em>Μενίππῳ</em></span> <span class='ocrx_word' id='word_1_259' title='bbox 493 2082 548 2124; x_wconf 80' lang='grc' dir='ltr'>μὲν</span> <span class='ocrx_word' id='word_1_260' title='bbox 563 2082 665 2125; x_wconf 69' lang='grc' dir='ltr'>ἒχςΐίτο</span> <span class='ocrx_word' id='word_1_261' title='bbox 680 2082 755 2123; x_wconf 70' lang='grc' dir='ltr'>ωρός</span> <span class='ocrx_word' id='word_1_262' title='bbox 773 2085 827 2117; x_wconf 73' lang='grc' dir='ltr'>τὰς</span> 
     </span>
     <span class='ocr_line' id='line_1_35' title="bbox 115 2125 827 2167; baseline 0 -11"><span class='ocrx_word' id='word_1_263' title='bbox 115 2125 304 2167; x_wconf 70' lang='grc' dir='ltr'>στξατηγίας,</span> <span class='ocrx_word' id='word_1_264' title='bbox 322 2125 356 2156; x_wconf 78' lang='grc' dir='ltr'>δι’</span> <span class='ocrx_word' id='word_1_265' title='bbox 374 2125 530 2166; x_wconf 77' lang='grc' dir='ltr'>Ἐφιάλτου</span> <span class='ocrx_word' id='word_1_266' title='bbox 554 2126 582 2156; x_wconf 77' lang='grc' dir='ltr'>δὲ</span> <span class='ocrx_word' id='word_1_267' title='bbox 602 2129 650 2157; x_wconf 72' lang='grc' dir='ltr'>τὴν</span> <span class='ocrx_word' id='word_1_268' title='bbox 673 2125 703 2165; x_wconf 76' lang='grc' dir='ltr'>ἐξ</span> <span class='ocrx_word' id='word_1_269' title='bbox 725 2125 827 2166; x_wconf 55' lang='grc' dir='ltr'>Ἀρείου</span> 
     </span>
     <span class='ocr_line' id='line_1_36' title="bbox 117 2167 827 2210; baseline 0.001 -12"><span class='ocrx_word' id='word_1_270' title='bbox 117 2169 211 2207; x_wconf 73' lang='grc' dir='ltr'>πάγου</span> <span class='ocrx_word' id='word_1_271' title='bbox 226 2168 325 2201; x_wconf 74' lang='grc' dir='ltr'>Βουλῆν</span> <span class='ocrx_word' id='word_1_272' title='bbox 339 2167 530 2204; x_wconf 63' lang='grc' dir='ltr'>ἐταπείνωσε,</span> <span class='ocrx_word' id='word_1_273' title='bbox 557 2169 600 2199; x_wconf 69' lang='grc' dir='ltr'>διὰ</span> <span class='ocrx_word' id='word_1_274' title='bbox 624 2169 651 2199; x_wconf 74' lang='grc' dir='ltr'>δὲ</span> <span class='ocrx_word' id='word_1_275' title='bbox 667 2167 780 2210; x_wconf 58' lang='grc' dir='ltr'>Χαρίνου</span> <span class='ocrx_word' id='word_1_276' title='bbox 794 2169 827 2199; x_wconf 75' lang='grc' dir='ltr'>τὸ</span> 
     </span>
     <span class='ocr_line' id='line_1_37' title="bbox 114 2210 827 2252; baseline 0.001 -12"><span class='ocrx_word' id='word_1_277' title='bbox 114 2213 196 2241; x_wconf 74' lang='grc' dir='ltr'>κατὰ</span> <span class='ocrx_word' id='word_1_278' title='bbox 209 2211 355 2252; x_wconf 62' lang='grc' dir='ltr'>Μεγαρέων</span> <span class='ocrx_word' id='word_1_279' title='bbox 368 2210 486 2251; x_wconf 74' lang='grc' dir='ltr'>ἒκῦξωσε</span> <span class='ocrx_word' id='word_1_280' title='bbox 503 2210 658 2252; x_wconf 72' lang='grc' dir='ltr'>ψήφισμα,</span> <span class='ocrx_word' id='word_1_281' title='bbox 673 2214 827 2251; x_wconf 79' lang='grc' dir='ltr'>Λάμπωνα,</span> 
     </span>
     <span class='ocr_line' id='line_1_38' title="bbox 115 2252 826 2295; baseline 0.001 -11"><span class='ocrx_word' id='word_1_282' title='bbox 115 2253 145 2284; x_wconf 77' lang='grc' dir='ltr'>δὲ</span> <span class='ocrx_word' id='word_1_283' title='bbox 169 2252 285 2294; x_wconf 57' lang='grc' dir='ltr'>Θουρίων</span> <span class='ocrx_word' id='word_1_284' title='bbox 305 2253 427 2285; x_wconf 72' lang='grc' dir='ltr'>οἰκιστὴν</span> <span class='ocrx_word' id='word_1_285' title='bbox 453 2253 633 2295; x_wconf 64' lang='grc' dir='ltr'>ἐξέπεμψεν.</span> <span class='ocrx_word' id='word_1_286' title='bbox 670 2256 826 2285; x_wconf 79' lang='lat' dir='ltr'>Plutarch.</span> 
     </span>
     <span class='ocr_line' id='line_1_39' title="bbox 116 2297 826 2336; baseline 0.003 -10"><span class='ocrx_word' id='word_1_287' title='bbox 116 2297 265 2336; x_wconf 86' lang='lat' dir='ltr'>Reipubl.</span> <span class='ocrx_word' id='word_1_288' title='bbox 283 2298 409 2336; x_wconf 87' lang='lat' dir='ltr'>gerund.</span> <span class='ocrx_word' id='word_1_289' title='bbox 427 2303 573 2336; x_wconf 81' lang='lat' dir='ltr'>praecept.</span> <span class='ocrx_word' id='word_1_290' title='bbox 618 2299 751 2328; x_wconf 79' lang='lat' dir='ltr'>Eosdem</span> <span class='ocrx_word' id='word_1_291' title='bbox 775 2309 826 2328; x_wconf 87' lang='lat' dir='ltr'>co-</span> 
     </span>
     <span class='ocr_line' id='line_1_40' title="bbox 117 2339 826 2371; baseline 0.003 -2"><span class='ocrx_word' id='word_1_292' title='bbox 117 2339 206 2369; x_wconf 86' lang='lat' dir='ltr'>loniae</span> <span class='ocrx_word' id='word_1_293' title='bbox 228 2340 325 2370; x_wconf 81' lang='lat' dir='ltr'>duces</span> <span class='ocrx_word' id='word_1_294' title='bbox 349 2344 496 2370; x_wconf 82' lang='lat' dir='ltr'>memorat</span> <span class='ocrx_word' id='word_1_295' title='bbox 519 2340 614 2370; x_wconf 86' lang='lat' dir='ltr'>Diod.</span> <span class='ocrx_word' id='word_1_296' title='bbox 630 2341 691 2371; x_wconf 83' lang='lat' dir='ltr'>Sic.</span> <span class='ocrx_word' id='word_1_297' title='bbox 735 2342 826 2371; x_wconf 89' lang='lat' dir='ltr'>Unde</span> 
     </span>
     <span class='ocr_line' id='line_1_41' title="bbox 118 2382 828 2418; baseline 0.003 -6"><span class='ocrx_word' id='word_1_298' title='bbox 118 2383 221 2413; x_wconf 89' lang='lat' dir='ltr'>mirari</span> <span class='ocrx_word' id='word_1_299' title='bbox 235 2382 327 2418; x_wconf 82' lang='lat' dir='ltr'>subit,</span> <span class='ocrx_word' id='word_1_300' title='bbox 337 2393 391 2412; x_wconf 88' lang='lat' dir='ltr'>cur</span> <span class='ocrx_word' id='word_1_301' title='bbox 401 2383 482 2412; x_wconf 91' lang='lat' dir='ltr'>idem</span> <span class='ocrx_word' id='word_1_302' title='bbox 493 2384 678 2414; x_wconf 85' lang='lat' dir='ltr'>Plutarchus</span> <span class='ocrx_word' id='word_1_303' title='bbox 694 2384 722 2413; x_wconf 90' lang='lat' dir='ltr'>in</span> <span class='ocrx_word' id='word_1_304' title='bbox 737 2384 828 2414; x_wconf 83' lang='lat' dir='ltr'>Nicia</span> 
     </span>
     <span class='ocr_line' id='line_1_42' title="bbox 119 2425 827 2465; baseline 0.003 -10"><span class='ocrx_word' id='word_1_305' title='bbox 119 2425 253 2455; x_wconf 84' lang='lat' dir='ltr'>Hieroni</span> <span class='ocrx_word' id='word_1_306' title='bbox 270 2426 407 2464; x_wconf 85' lang='lat' dir='ltr'>assignet</span> <span class='ocrx_word' id='word_1_307' title='bbox 432 2425 522 2455; x_wconf 87' lang='lat' dir='ltr'>istius</span> <span class='ocrx_word' id='word_1_308' title='bbox 545 2426 755 2465; x_wconf 80' lang='lat' dir='ltr'>expeditionis</span> <span class='ocrx_word' id='word_1_309' title='bbox 776 2438 827 2457; x_wconf 63' lang='lat' dir='ltr'>au«</span> 
     </span>
     <span class='ocr_line' id='line_1_43' title="bbox 119 2466 827 2509; baseline 0.006 -12"><span class='ocrx_word' id='word_1_310' title='bbox 119 2467 414 2508; x_wconf 64' lang='lat' dir='ltr'>ctoritatem.‘1ing</span> <span class='ocrx_word' id='word_1_311' title='bbox 427 2466 469 2506; x_wconf 62' lang='grc' dir='ltr'>ἦν,</span> <span class='ocrx_word' id='word_1_312' title='bbox 484 2469 547 2508; x_wconf 72' lang='grc' dir='ltr'>ἄνῆξ</span> <span class='ocrx_word' id='word_1_313' title='bbox 563 2467 765 2509; x_wconf 66' lang='grc' dir='ltr'>τεθραμμένος</span> <span class='ocrx_word' id='word_1_314' title='bbox 780 2469 827 2501; x_wconf 75' lang='grc' dir='ltr'>ἐπὶ</span> 
     </span>
     <span class='ocr_line' id='line_1_44' title="bbox 119 2509 830 2564; baseline 0.003 -24"><span class='ocrx_word' id='word_1_315' title='bbox 119 2522 172 2544; x_wconf 81' lang='grc' dir='ltr'>της</span> <span class='ocrx_word' id='word_1_316' title='bbox 197 2509 284 2545; x_wconf 78' lang='grc' dir='ltr'>οἰκίας</span> <span class='ocrx_word' id='word_1_317' title='bbox 309 2522 358 2541; x_wconf 89' lang='grc' dir='ltr'>του</span> <span class='ocrx_word' id='word_1_318' title='bbox 373 2510 783 2564; x_wconf 66' lang='grc' dir='ltr'>Νικίου-προσποιούμενος</span> <span class='ocrx_word' id='word_1_319' title='bbox 807 2511 830 2542; x_wconf 69' lang='grc' dir='ltr'>δ’</span> 
     </span>
     <span class='ocr_line' id='line_1_45' title="bbox 119 2552 830 2596; baseline 0.001 -12"><span class='ocrx_word' id='word_1_320' title='bbox 119 2553 175 2588; x_wconf 76' lang='grc' dir='ltr'>υἱός</span> <span class='ocrx_word' id='word_1_321' title='bbox 189 2553 254 2584; x_wconf 76' lang='grc' dir='ltr'>εῖναι</span> <span class='ocrx_word' id='word_1_322' title='bbox 270 2552 394 2585; x_wconf 49' lang='grc' dir='ltr'>Διονυσίῳ</span> <span class='ocrx_word' id='word_1_323' title='bbox 395 2565 410 2583; x_wconf 88' lang='grc' dir='ltr'>υ</span> <span class='ocrx_word' id='word_1_324' title='bbox 429 2555 479 2585; x_wconf 69' lang='grc' dir='ltr'>τοῦ</span> <span class='ocrx_word' id='word_1_325' title='bbox 506 2556 618 2584; x_wconf 82' lang='grc' dir='ltr'>Χαλκοῦ</span> <span class='ocrx_word' id='word_1_326' title='bbox 644 2565 830 2596; x_wconf 69' lang='grc' dir='ltr'>πξοσαγοςευ-</span> 
     </span>
     <span class='ocr_line' id='line_1_46' title="bbox 119 2594 831 2638; baseline 0 -12"><span class='ocrx_word' id='word_1_327' title='bbox 119 2594 271 2634; x_wconf 46' lang='lat' dir='ltr'>&amp;fimf</span> <span class='ocrx_word' id='word_1_328' title='bbox 245 2608 274 2626; x_wconf 85' lang='grc' dir='ltr'>ου</span> <span class='ocrx_word' id='word_1_329' title='bbox 287 2597 334 2626; x_wconf 84' lang='grc' dir='ltr'>καῖ</span> <span class='ocrx_word' id='word_1_330' title='bbox 350 2597 504 2638; x_wconf 75' lang='grc' dir='ltr'>ποιήματα</span> <span class='ocrx_word' id='word_1_331' title='bbox 519 2596 654 2638; x_wconf 79' lang='grc' dir='ltr'>σώζεται,</span> <span class='ocrx_word' id='word_1_332' title='bbox 667 2609 714 2627; x_wconf 84' lang='grc' dir='ltr'>και</span> <span class='ocrx_word' id='word_1_333' title='bbox 732 2599 783 2631; x_wconf 79' lang='grc' dir='ltr'>τῆς</span> <span class='ocrx_word' id='word_1_334' title='bbox 794 2598 831 2634; x_wconf 83' lang='grc' dir='ltr'>εἰς</span> 
     </span>
     <span class='ocr_line' id='line_1_47' title="bbox 118 2637 830 2682; baseline 0 -12"><span class='ocrx_word' id='word_1_335' title='bbox 118 2637 243 2670; x_wconf 79' lang='grc' dir='ltr'>Ἰταλίαν</span> <span class='ocrx_word' id='word_1_336' title='bbox 268 2641 381 2678; x_wconf 73' lang='grc' dir='ltr'>ἡγεμὼν</span> <span class='ocrx_word' id='word_1_337' title='bbox 405 2639 555 2680; x_wconf 80' lang='grc' dir='ltr'>γενόμενος,</span> <span class='ocrx_word' id='word_1_338' title='bbox 579 2639 675 2670; x_wconf 78' lang='grc' dir='ltr'>ἔκτισε</span> <span class='ocrx_word' id='word_1_339' title='bbox 698 2639 830 2682; x_wconf 80' lang='grc' dir='ltr'>Θουρίους.</span> 
     </span>
     <span class='ocr_line' id='line_1_48' title="bbox 123 2681 832 2724; baseline 0.001 -12"><span class='ocrx_word' id='word_1_340' title='bbox 123 2681 272 2721; x_wconf 85' lang='lat' dir='ltr'>Lamponi</span> <span class='ocrx_word' id='word_1_341' title='bbox 290 2683 397 2721; x_wconf 77' lang='grc' dir='ltr'>δεκάτῳ</span> <span class='ocrx_word' id='word_1_342' title='bbox 420 2682 498 2721; x_wconf 70' lang='grc' dir='ltr'>αὐτῷ</span> <span class='ocrx_word' id='word_1_343' title='bbox 520 2682 654 2723; x_wconf 82' lang='lat' dir='ltr'>assignat</span> <span class='ocrx_word' id='word_1_344' title='bbox 677 2694 733 2724; x_wconf 82' lang='grc' dir='ltr'>σχ.</span> <span class='ocrx_word' id='word_1_345' title='bbox 763 2686 832 2714; x_wconf 85' lang='lat' dir='ltr'>Ari-</span> 
     </span>
     <span class='ocr_line' id='line_1_49' title="bbox 122 2724 830 2765; baseline 0.004 -11"><span class='ocrx_word' id='word_1_346' title='bbox 122 2724 455 2764; x_wconf 75' lang='lat' dir='ltr'>stopb.Av.5‘21.‘0</span> <span class='ocrx_word' id='word_1_347' title='bbox 478 2724 506 2756; x_wconf 80' lang='grc' dir='ltr'>δὲ</span> <span class='ocrx_word' id='word_1_348' title='bbox 530 2726 662 2765; x_wconf 79' lang='grc' dir='ltr'>Λάμπων</span> <span class='ocrx_word' id='word_1_349' title='bbox 685 2725 816 2761; x_wconf 64' lang='grc' dir='ltr'>θυτης</span> <span class='ocrx_word' id='word_1_350' title='bbox 802 2738 830 2757; x_wconf 84' lang='grc' dir='ltr'>ην</span> 
     </span>
     <span class='ocr_line' id='line_1_50' title="bbox 121 2767 832 2818; baseline 0.003 -22"><span class='ocrx_word' id='word_1_351' title='bbox 121 2767 170 2796; x_wconf 79' lang='grc' dir='ltr'>καὶ</span> <span class='ocrx_word' id='word_1_352' title='bbox 193 2767 404 2818; x_wconf 63' lang='grc' dir='ltr'>χρησμολόγος,</span> <span class='ocrx_word' id='word_1_353' title='bbox 420 2767 468 2797; x_wconf 80' lang='grc' dir='ltr'>καὶ</span> <span class='ocrx_word' id='word_1_354' title='bbox 491 2768 607 2808; x_wconf 84' lang='grc' dir='ltr'>μάντις,</span> <span class='ocrx_word' id='word_1_355' title='bbox 623 2781 643 2808; x_wconf 81' lang='grc' dir='ltr'><em>ῳ</em></span> <span class='ocrx_word' id='word_1_356' title='bbox 667 2769 714 2798; x_wconf 83' lang='grc' dir='ltr'>και</span> <span class='ocrx_word' id='word_1_357' title='bbox 731 2771 780 2800; x_wconf 73' lang='grc' dir='ltr'>τὴν</span> <span class='ocrx_word' id='word_1_358' title='bbox 795 2770 832 2803; x_wconf 85' lang='grc' dir='ltr'>εἲς</span> 
     </span>
     <span class='ocr_line' id='line_1_51' title="bbox 122 2807 832 2852; baseline 0.003 -13"><span class='ocrx_word' id='word_1_359' title='bbox 122 2807 237 2850; x_wconf 66' lang='grc' dir='ltr'>Σύὲαριν</span> <span class='ocrx_word' id='word_1_360' title='bbox 258 2812 314 2839; x_wconf 76' lang='grc' dir='ltr'>τῶν</span> <span class='ocrx_word' id='word_1_361' title='bbox 334 2808 485 2841; x_wconf 66' lang='grc' dir='ltr'>Ἀθηναίων</span> <span class='ocrx_word' id='word_1_362' title='bbox 508 2810 637 2842; x_wconf 80' lang='grc' dir='ltr'>ἀποικίαν</span> <span class='ocrx_word' id='word_1_363' title='bbox 658 2811 716 2842; x_wconf 76' lang='grc' dir='ltr'>ἐ’νιοι</span> <span class='ocrx_word' id='word_1_364' title='bbox 737 2814 832 2852; x_wconf 59' lang='grc' dir='ltr'>περιά-</span> 
     </span>
     <span class='ocr_line' id='line_1_52' title="bbox 124 2852 834 2893; baseline 0.004 -12"><span class='ocrx_word' id='word_1_365' title='bbox 124 2862 253 2888; x_wconf 79' lang='grc' dir='ltr'>πτουσιν,</span> <span class='ocrx_word' id='word_1_366' title='bbox 268 2852 352 2884; x_wconf 71' lang='grc' dir='ltr'>αὐτὸν</span> <span class='ocrx_word' id='word_1_367' title='bbox 367 2854 534 2891; x_wconf 55' lang='lat' dir='ltr'>{lynceo-&amp;ac</span> <span class='ocrx_word' id='word_1_368' title='bbox 548 2853 676 2893; x_wconf 76' lang='grc' dir='ltr'>λέγοντες</span> <span class='ocrx_word' id='word_1_369' title='bbox 689 2853 834 2885; x_wconf 62' lang='grc' dir='ltr'>Ἀθηναῖον</span> 
     </span>
     <span class='ocr_line' id='line_1_53' title="bbox 122 2892 834 2936; baseline 0.007 -13"><span class='ocrx_word' id='word_1_370' title='bbox 122 2892 190 2923; x_wconf 74' lang='grc' dir='ltr'>ὄντα</span> <span class='ocrx_word' id='word_1_371' title='bbox 212 2897 260 2924; x_wconf 76' lang='grc' dir='ltr'>σὺν</span> <span class='ocrx_word' id='word_1_372' title='bbox 283 2895 381 2929; x_wconf 78' lang='grc' dir='ltr'>ι’ίλλοις</span> <span class='ocrx_word' id='word_1_373' title='bbox 404 2895 479 2926; x_wconf 78' lang='grc' dir='ltr'>δέκα.</span> <span class='ocrx_word' id='word_1_374' title='bbox 524 2898 572 2927; x_wconf 94' lang='lat' dir='ltr'>Ab</span> <span class='ocrx_word' id='word_1_375' title='bbox 594 2898 651 2927; x_wconf 87' lang='lat' dir='ltr'>hoc</span> <span class='ocrx_word' id='word_1_376' title='bbox 668 2908 741 2936; x_wconf 86' lang='lat' dir='ltr'>ergo</span> <span class='ocrx_word' id='word_1_377' title='bbox 755 2899 834 2929; x_wconf 85' lang='lat' dir='ltr'>duce</span> 
     </span>
     <span class='ocr_line' id='line_1_54' title="bbox 126 2937 835 2972; baseline 0.008 -7"><span class='ocrx_word' id='word_1_378' title='bbox 126 2941 157 2966; x_wconf 85' lang='lat' dir='ltr'>et</span> <span class='ocrx_word' id='word_1_379' title='bbox 173 2937 344 2967; x_wconf 86' lang='lat' dir='ltr'>divinatore</span> <span class='ocrx_word' id='word_1_380' title='bbox 357 2938 503 2968; x_wconf 85' lang='lat' dir='ltr'>Colonia</span> <span class='ocrx_word' id='word_1_381' title='bbox 496 2945 554 2969; x_wconf 78' lang='lat' dir='ltr'>lsta</span> <span class='ocrx_word' id='word_1_382' title='bbox 569 2940 598 2969; x_wconf 90' lang='lat' dir='ltr'>in</span> <span class='ocrx_word' id='word_1_383' title='bbox 615 2940 786 2972; x_wconf 85' lang='lat' dir='ltr'>diverbium</span> <span class='ocrx_word' id='word_1_384' title='bbox 804 2946 835 2971; x_wconf 85' lang='lat' dir='ltr'>et</span> 
     </span>
     <span class='ocr_line' id='line_1_55' title="bbox 123 2979 706 3021; baseline 0.007 -12"><span class='ocrx_word' id='word_1_385' title='bbox 123 2980 227 3017; x_wconf 83' lang='lat' dir='ltr'>jocum</span> <span class='ocrx_word' id='word_1_386' title='bbox 244 2979 329 3011; x_wconf 81' lang='lat' dir='ltr'>abiit.</span> <span class='ocrx_word' id='word_1_387' title='bbox 356 2980 517 3021; x_wconf 74' lang='lat' dir='ltr'>Aristoph.</span> <span class='ocrx_word' id='word_1_388' title='bbox 533 2984 616 3013; x_wconf 89' lang='lat' dir='ltr'>Nub.</span> <span class='ocrx_word' id='word_1_389' title='bbox 633 2985 706 3015; x_wconf 82' lang='lat'>331.</span> 
     </span>
    </p>
   </div>
   <div class='ocr_carea' id='block_1_5' title="bbox 858 1739 1577 3026">
    <p class='ocr_par' dir='ltr' id='par_1_8' title="bbox 924 1739 1566 1826">
     <span class='ocr_line' id='line_1_56' title="bbox 924 1739 1566 1782; baseline -0.006 -10"><span class='ocrx_word' id='word_1_390' title='bbox 924 1740 1144 1782; x_wconf 72' lang='grc' dir='ltr'>Θουριομάντεις,</span> <span class='ocrx_word' id='word_1_391' title='bbox 1171 1739 1366 1781; x_wconf 71' lang='grc' dir='ltr'>ἷατξοτέχνοις,</span> <span class='ocrx_word' id='word_1_392' title='bbox 1388 1739 1566 1780; x_wconf 71' lang='grc' dir='ltr'>σφςαγιδονυ-</span> 
     </span>
     <span class='ocr_line' id='line_1_57' title="bbox 986 1795 1222 1826; baseline -0.009 -13"><span class='ocrx_word' id='word_1_393' title='bbox 986 1795 1222 1826; x_wconf 74' lang='grc' dir='ltr'>χαξγοκομητας.</span> 
     </span>
    </p>

    <p class='ocr_par' dir='ltr' id='par_1_9' title="bbox 859 1824 1571 2596">
     <span class='ocr_line' id='line_1_58' title="bbox 859 1824 1565 1868; baseline -0.004 -12"><span class='ocrx_word' id='word_1_394' title='bbox 859 1838 914 1868; x_wconf 81' lang='grc' dir='ltr'>σχ.</span> <span class='ocrx_word' id='word_1_395' title='bbox 939 1827 977 1856; x_wconf 79' lang='lat' dir='ltr'>ad</span> <span class='ocrx_word' id='word_1_396' title='bbox 1003 1829 1062 1857; x_wconf 86' lang='lat' dir='ltr'>loc.</span> <span class='ocrx_word' id='word_1_397' title='bbox 1107 1826 1325 1866; x_wconf 74' lang='grc' dir='ltr'>Θουριομάντεις,</span> <span class='ocrx_word' id='word_1_398' title='bbox 1351 1827 1378 1856; x_wconf 74' lang='grc' dir='ltr'>οὔ</span> <span class='ocrx_word' id='word_1_399' title='bbox 1409 1837 1473 1859; x_wconf 74' lang='grc' dir='ltr'>τους</span> <span class='ocrx_word' id='word_1_400' title='bbox 1501 1824 1565 1854; x_wconf 61' lang='lat' dir='ltr'>civ-76</span> 
     </span>
     <span class='ocr_line' id='line_1_59' title="bbox 860 1868 1567 1939; baseline -0.004 -39"><span class='ocrx_word' id='word_1_401' title='bbox 860 1868 968 1909; x_wconf 84' lang='grc' dir='ltr'>Θουρίου</span> <span class='ocrx_word' id='word_1_402' title='bbox 991 1870 1120 1909; x_wconf 79' lang='grc' dir='ltr'>μάντεις,</span> <span class='ocrx_word' id='word_1_403' title='bbox 1143 1869 1223 1899; x_wconf 75' lang='grc' dir='ltr'>ἄλλα</span> <span class='ocrx_word' id='word_1_404' title='bbox 1239 1880 1302 1902; x_wconf 87' lang='grc' dir='ltr'>τους</span> <span class='ocrx_word' id='word_1_405' title='bbox 1317 1868 1354 1902; x_wconf 83' lang='grc' dir='ltr'>εἷς</span> <span class='ocrx_word' id='word_1_406' title='bbox 1369 1868 1473 1908; x_wconf 80' lang='grc' dir='ltr'>Θούριον</span> <span class='ocrx_word' id='word_1_407' title='bbox 1475 1878 1567 1939; x_wconf 33' lang='grc' dir='ltr'>ἓῒπεμ-</span> 
     </span>
     <span class='ocr_line' id='line_1_60' title="bbox 859 1910 1568 1952; baseline -0.004 -10"><span class='ocrx_word' id='word_1_408' title='bbox 859 1912 1000 1952; x_wconf 64' lang='grc' dir='ltr'>φθέντας,</span> <span class='ocrx_word' id='word_1_409' title='bbox 1018 1911 1065 1943; x_wconf 80' lang='grc' dir='ltr'>ἐπι</span> <span class='ocrx_word' id='word_1_410' title='bbox 1081 1912 1114 1941; x_wconf 73' lang='grc' dir='ltr'>τὸ</span> <span class='ocrx_word' id='word_1_411' title='bbox 1129 1910 1228 1941; x_wconf 70' lang='grc' dir='ltr'>κτίσαι</span> <span class='ocrx_word' id='word_1_412' title='bbox 1252 1923 1346 1941; x_wconf 83' lang='grc' dir='ltr'>αυτην.</span> <span class='ocrx_word' id='word_1_413' title='bbox 1371 1910 1568 1950; x_wconf 63' lang='grc' dir='ltr'>ἐπέμφθησαν</span> 
     </span>
     <span class='ocr_line' id='line_1_61' title="bbox 860 1951 1567 1996; baseline -0.004 -11"><span class='ocrx_word' id='word_1_414' title='bbox 860 1956 888 1985; x_wconf 78' lang='grc' dir='ltr'>δὲ</span> <span class='ocrx_word' id='word_1_415' title='bbox 905 1955 972 1986; x_wconf 80' lang='grc' dir='ltr'>δέκα</span> <span class='ocrx_word' id='word_1_416' title='bbox 988 1955 1087 1996; x_wconf 72' lang='grc' dir='ltr'>ἄνδρες·</span> <span class='ocrx_word' id='word_1_417' title='bbox 1112 1951 1146 1983; x_wconf 79' lang='grc' dir='ltr'>ὠν</span> <span class='ocrx_word' id='word_1_418' title='bbox 1166 1964 1212 1983; x_wconf 82' lang='grc' dir='ltr'>και</span> <span class='ocrx_word' id='word_1_419' title='bbox 1230 1954 1364 1994; x_wconf 83' lang='grc' dir='ltr'>Λάμπων</span> <span class='ocrx_word' id='word_1_420' title='bbox 1380 1966 1406 1984; x_wconf 88' lang='grc' dir='ltr'>ην</span> <span class='ocrx_word' id='word_1_421' title='bbox 1421 1954 1432 1983; x_wconf 84' lang='grc' dir='ltr'><strong><em>ὁ</em></strong></span> <span class='ocrx_word' id='word_1_422' title='bbox 1448 1955 1567 1993; x_wconf 82' lang='grc' dir='ltr'>μάντις,</span> 
     </span>
     <span class='ocr_line' id='line_1_62' title="bbox 858 1997 1565 2038; baseline -0.001 -10.999"><span class='ocrx_word' id='word_1_423' title='bbox 858 1997 884 2028; x_wconf 79' lang='grc' dir='ltr'>ὃν</span> <span class='ocrx_word' id='word_1_424' title='bbox 912 1998 1047 2038; x_wconf 58' lang='grc' dir='ltr'>ἐξηγητὴν</span> <span class='ocrx_word' id='word_1_425' title='bbox 1076 1997 1199 2027; x_wconf 69' lang='grc' dir='ltr'>ἐκάλουν.</span> <span class='ocrx_word' id='word_1_426' title='bbox 1230 2004 1262 2026; x_wconf 84' lang='lat' dir='ltr'>et</span> <span class='ocrx_word' id='word_1_427' title='bbox 1292 2008 1359 2036; x_wconf 88' lang='lat' dir='ltr'>quae</span> <span class='ocrx_word' id='word_1_428' title='bbox 1389 2002 1565 2035; x_wconf 85' lang='lat' dir='ltr'>sequuntur</span> 
     </span>
     <span class='ocr_line' id='line_1_63' title="bbox 860 2039 1567 2081; baseline -0.006 -9"><span class='ocrx_word' id='word_1_429' title='bbox 860 2042 1001 2081; x_wconf 84' lang='lat' dir='ltr'>Adjunge</span> <span class='ocrx_word' id='word_1_430' title='bbox 1013 2041 1155 2072; x_wconf 79' lang='lat' dir='ltr'>Suidam&#39;</span> <span class='ocrx_word' id='word_1_431' title='bbox 1150 2051 1179 2069; x_wconf 81' lang='lat' dir='ltr'>in</span> <span class='ocrx_word' id='word_1_432' title='bbox 1194 2041 1411 2080; x_wconf 70' lang='grc' dir='ltr'>Θουξιομάντεις·</span> <span class='ocrx_word' id='word_1_433' title='bbox 1427 2039 1567 2079; x_wconf 76' lang='grc' dir='ltr'>Ἐξὲπεμ-</span> 
     </span>
     <span class='ocr_line' id='line_1_64' title="bbox 860 2082 1567 2122; baseline -0.004 -8"><span class='ocrx_word' id='word_1_434' title='bbox 860 2083 918 2122; x_wconf 72' lang='grc' dir='ltr'>ψαν</span> <span class='ocrx_word' id='word_1_435' title='bbox 934 2084 961 2115; x_wconf 82' lang='grc' dir='ltr'>δὲ</span> <span class='ocrx_word' id='word_1_436' title='bbox 978 2086 1016 2118; x_wconf 78' lang='grc' dir='ltr'>εἰς</span> <span class='ocrx_word' id='word_1_437' title='bbox 1038 2082 1131 2113; x_wconf 75' lang='grc' dir='ltr'>κτίσιν</span> <span class='ocrx_word' id='word_1_438' title='bbox 1153 2085 1201 2114; x_wconf 71' lang='grc' dir='ltr'>τὴν</span> <span class='ocrx_word' id='word_1_439' title='bbox 1225 2084 1312 2113; x_wconf 74' lang='grc' dir='ltr'>αὐτου</span> <span class='ocrx_word' id='word_1_440' title='bbox 1339 2082 1479 2113; x_wconf 64' lang='grc' dir='ltr'>Ἀθηναῖοι</span> <span class='ocrx_word' id='word_1_441' title='bbox 1501 2082 1567 2112; x_wconf 75' lang='grc' dir='ltr'>δέκα</span> 
     </span>
     <span class='ocr_line' id='line_1_65' title="bbox 860 2124 1568 2168; baseline -0.004 -12"><span class='ocrx_word' id='word_1_442' title='bbox 860 2127 967 2168; x_wconf 72' lang='grc' dir='ltr'>ἑίνδςας,</span> <span class='ocrx_word' id='word_1_443' title='bbox 982 2124 1016 2157; x_wconf 85' lang='grc' dir='ltr'>ὠν</span> <span class='ocrx_word' id='word_1_444' title='bbox 1031 2139 1078 2156; x_wconf 81' lang='grc' dir='ltr'>και</span> <span class='ocrx_word' id='word_1_445' title='bbox 1092 2126 1224 2166; x_wconf 80' lang='grc' dir='ltr'>Λάμπων</span> <span class='ocrx_word' id='word_1_446' title='bbox 1234 2124 1264 2156; x_wconf 77' lang='grc' dir='ltr'>ὴν</span> <span class='ocrx_word' id='word_1_447' title='bbox 1277 2126 1288 2155; x_wconf 83' lang='grc' dir='ltr'>ὅ</span> <span class='ocrx_word' id='word_1_448' title='bbox 1303 2126 1419 2165; x_wconf 78' lang='grc' dir='ltr'>μάντις,</span> <span class='ocrx_word' id='word_1_449' title='bbox 1435 2125 1568 2165; x_wconf 66' lang='grc' dir='ltr'>ἐξηγητὴς</span> 
     </span>
     <span class='ocr_line' id='line_1_66' title="bbox 859 2167 1569 2211; baseline -0.004 -11"><span class='ocrx_word' id='word_1_450' title='bbox 859 2169 987 2211; x_wconf 77' lang='grc' dir='ltr'>εσόμενος</span> <span class='ocrx_word' id='word_1_451' title='bbox 1001 2172 1051 2203; x_wconf 74' lang='grc' dir='ltr'>τῆς</span> <span class='ocrx_word' id='word_1_452' title='bbox 1066 2168 1185 2203; x_wconf 77' lang='grc' dir='ltr'>κτίσεως</span> <span class='ocrx_word' id='word_1_453' title='bbox 1198 2180 1248 2202; x_wconf 77' lang='grc' dir='ltr'>της</span> <span class='ocrx_word' id='word_1_454' title='bbox 1259 2167 1378 2202; x_wconf 75' lang='grc' dir='ltr'>πόλεως.</span> <span class='ocrx_word' id='word_1_455' title='bbox 1409 2170 1456 2199; x_wconf 77' lang='lat' dir='ltr'>lta</span> <span class='ocrx_word' id='word_1_456' title='bbox 1466 2179 1569 2198; x_wconf 75' lang='lat' dir='ltr'>omnes</span> 
     </span>
     <span class='ocr_line' id='line_1_67' title="bbox 859 2212 1568 2247; baseline -0.003 -5"><span class='ocrx_word' id='word_1_457' title='bbox 859 2214 930 2243; x_wconf 86' lang='lat' dir='ltr'>libri</span> <span class='ocrx_word' id='word_1_458' title='bbox 947 2213 1049 2244; x_wconf 87' lang='lat' dir='ltr'>Suidae</span> <span class='ocrx_word' id='word_1_459' title='bbox 1062 2213 1157 2242; x_wconf 87' lang='lat' dir='ltr'>MSS.</span> <span class='ocrx_word' id='word_1_460' title='bbox 1174 2212 1220 2242; x_wconf 87' lang='lat' dir='ltr'>X.</span> <span class='ocrx_word' id='word_1_461' title='bbox 1238 2222 1281 2241; x_wconf 85' lang='lat' dir='ltr'>sc.</span> <span class='ocrx_word' id='word_1_462' title='bbox 1300 2212 1407 2247; x_wconf 87' lang='lat' dir='ltr'>duces,</span> <span class='ocrx_word' id='word_1_463' title='bbox 1423 2212 1568 2241; x_wconf 80' lang='lat' dir='ltr'>totidem-</span> 
     </span>
     <span class='ocr_line' id='line_1_68' title="bbox 860 2255 1568 2298; baseline -0.006 -11"><span class='ocrx_word' id='word_1_464' title='bbox 860 2267 919 2298; x_wconf 88' lang='lat' dir='ltr'>que</span> <span class='ocrx_word' id='word_1_465' title='bbox 930 2266 1036 2291; x_wconf 81' lang='lat' dir='ltr'>naves,</span> <span class='ocrx_word' id='word_1_466' title='bbox 1052 2260 1084 2285; x_wconf 86' lang='lat' dir='ltr'>ut</span> <span class='ocrx_word' id='word_1_467' title='bbox 1099 2265 1164 2285; x_wconf 90' lang='lat' dir='ltr'>mos</span> <span class='ocrx_word' id='word_1_468' title='bbox 1177 2258 1242 2284; x_wconf 86' lang='lat' dir='ltr'>erat</span> <span class='ocrx_word' id='word_1_469' title='bbox 1253 2255 1489 2284; x_wconf 85' lang='lat' dir='ltr'>Atheniensibus</span> <span class='ocrx_word' id='word_1_470' title='bbox 1502 2255 1568 2284; x_wconf 91' lang='lat' dir='ltr'>diu-</span> 
     </span>
     <span class='ocr_line' id='line_1_69' title="bbox 861 2298 1569 2338; baseline -0.006 -8"><span class='ocrx_word' id='word_1_471' title='bbox 861 2305 950 2330; x_wconf 88' lang='lat' dir='ltr'>turno</span> <span class='ocrx_word' id='word_1_472' title='bbox 963 2310 1018 2329; x_wconf 85' lang='lat' dir='ltr'>usu</span> <span class='ocrx_word' id='word_1_473' title='bbox 1031 2303 1238 2334; x_wconf 79' lang='lat' dir='ltr'>consecratus,</span> <span class='ocrx_word' id='word_1_474' title='bbox 1247 2298 1299 2338; x_wconf 90' lang='lat' dir='ltr'>qui</span> <span class='ocrx_word' id='word_1_475' title='bbox 1310 2298 1435 2327; x_wconf 84' lang='lat' dir='ltr'>denario</span> <span class='ocrx_word' id='word_1_476' title='bbox 1446 2308 1569 2327; x_wconf 86' lang='lat' dir='ltr'>numero</span> 
     </span>
     <span class='ocr_line' id='line_1_70' title="bbox 860 2340 1570 2382; baseline -0.004 -10"><span class='ocrx_word' id='word_1_477' title='bbox 860 2353 916 2382; x_wconf 87' lang='lat' dir='ltr'>pro</span> <span class='ocrx_word' id='word_1_478' title='bbox 927 2342 1042 2372; x_wconf 84' lang='lat' dir='ltr'>ratione</span> <span class='ocrx_word' id='word_1_479' title='bbox 1057 2342 1189 2371; x_wconf 83' lang='lat' dir='ltr'>tribuum</span> <span class='ocrx_word' id='word_1_480' title='bbox 1201 2340 1432 2381; x_wconf 85' lang='lat' dir='ltr'>Rempublicam</span> <span class='ocrx_word' id='word_1_481' title='bbox 1447 2341 1570 2370; x_wconf 86' lang='lat' dir='ltr'>univer-</span> 
     </span>
     <span class='ocr_line' id='line_1_71' title="bbox 862 2384 1569 2423; baseline -0.006 -7"><span class='ocrx_word' id='word_1_482' title='bbox 862 2395 924 2416; x_wconf 82' lang='lat' dir='ltr'>sam</span> <span class='ocrx_word' id='word_1_483' title='bbox 941 2385 1025 2415; x_wconf 86' lang='lat' dir='ltr'>domi</span> <span class='ocrx_word' id='word_1_484' title='bbox 1041 2385 1176 2423; x_wconf 80' lang='lat' dir='ltr'>forisque</span> <span class='ocrx_word' id='word_1_485' title='bbox 1193 2384 1451 2413; x_wconf 84' lang='lat' dir='ltr'>administrabant.</span> <span class='ocrx_word' id='word_1_486' title='bbox 1497 2384 1569 2413; x_wconf 71' lang='lat' dir='ltr'>Infi-</span> 
     </span>
     <span class='ocr_line' id='line_1_72' title="bbox 862 2425 1571 2466; baseline -0.004 -8"><span class='ocrx_word' id='word_1_487' title='bbox 862 2429 921 2458; x_wconf 85' lang='lat' dir='ltr'>ceti</span> <span class='ocrx_word' id='word_1_488' title='bbox 938 2428 1074 2457; x_wconf 83' lang='lat' dir='ltr'>editores</span> <span class='ocrx_word' id='word_1_489' title='bbox 1090 2427 1205 2463; x_wconf 83' lang='lat' dir='ltr'>Suidae,</span> <span class='ocrx_word' id='word_1_490' title='bbox 1221 2428 1272 2465; x_wconf 85' lang='lat' dir='ltr'>qui</span> <span class='ocrx_word' id='word_1_491' title='bbox 1293 2437 1349 2466; x_wconf 87' lang='lat' dir='ltr'>pro</span> <span class='ocrx_word' id='word_1_492' title='bbox 1367 2425 1444 2461; x_wconf 84' lang='grc' dir='ltr'>δέκα,</span> <span class='ocrx_word' id='word_1_493' title='bbox 1459 2425 1571 2466; x_wconf 77' lang='grc' dir='ltr'>μυρίους</span> 
     </span>
     <span class='ocr_line' id='line_1_73' title="bbox 862 2469 1568 2509; baseline -0.006 -7"><span class='ocrx_word' id='word_1_494' title='bbox 862 2471 974 2502; x_wconf 83' lang='lat' dir='ltr'>excudi</span> <span class='ocrx_word' id='word_1_495' title='bbox 1001 2471 1161 2501; x_wconf 79' lang='lat' dir='ltr'>curarunt!</span> <span class='ocrx_word' id='word_1_496' title='bbox 1195 2475 1284 2509; x_wconf 83' lang='lat' dir='ltr'>atque</span> <span class='ocrx_word' id='word_1_497' title='bbox 1312 2469 1450 2503; x_wconf 81' lang='lat' dir='ltr'>inficetus</span> <span class='ocrx_word' id='word_1_498' title='bbox 1478 2470 1568 2499; x_wconf 79' lang='lat' dir='ltr'>etiam</span> 
     </span>
     <span class='ocr_line' id='line_1_74' title="bbox 862 2512 1570 2553; baseline -0.004 -9"><span class='ocrx_word' id='word_1_499' title='bbox 862 2514 925 2550; x_wconf 88' lang='lat' dir='ltr'>ille,</span> <span class='ocrx_word' id='word_1_500' title='bbox 943 2514 994 2553; x_wconf 81' lang='lat' dir='ltr'>qui</span> <span class='ocrx_word' id='word_1_501' title='bbox 1020 2517 1081 2543; x_wconf 88' lang='lat' dir='ltr'>tam</span> <span class='ocrx_word' id='word_1_502' title='bbox 1107 2513 1272 2544; x_wconf 86' lang='lat' dir='ltr'>violentam</span> <span class='ocrx_word' id='word_1_503' title='bbox 1296 2513 1491 2542; x_wconf 85' lang='lat' dir='ltr'>mutationem</span> <span class='ocrx_word' id='word_1_504' title='bbox 1508 2512 1570 2542; x_wconf 87' lang='lat' dir='ltr'>cal-</span> 
     </span>
     <span class='ocr_line' id='line_1_75' title="bbox 863 2555 1351 2596; baseline -0.004 -10"><span class='ocrx_word' id='word_1_505' title='bbox 863 2557 933 2587; x_wconf 81' lang='lat' dir='ltr'>culo</span> <span class='ocrx_word' id='word_1_506' title='bbox 951 2566 1006 2586; x_wconf 90' lang='lat' dir='ltr'>suo</span> <span class='ocrx_word' id='word_1_507' title='bbox 1022 2557 1220 2596; x_wconf 81' lang='lat' dir='ltr'>comprobare</span> <span class='ocrx_word' id='word_1_508' title='bbox 1236 2555 1351 2596; x_wconf 83' lang='lat' dir='ltr'>potnit!</span> 
     </span>
    </p>

    <p class='ocr_par' dir='ltr' id='par_1_10' title="bbox 863 2596 1577 3026">
     <span class='ocr_line' id='line_1_76' title="bbox 902 2596 1569 2639; baseline -0.004 -10"><span class='ocrx_word' id='word_1_509' title='bbox 902 2599 918 2639; x_wconf 55' lang='grc' dir='ltr'><em>ᾗ</em></span> <span class='ocrx_word' id='word_1_510' title='bbox 947 2600 1067 2629; x_wconf 74' lang='lat' dir='ltr'>‘Tanta</span> <span class='ocrx_word' id='word_1_511' title='bbox 1095 2600 1181 2629; x_wconf 83' lang='lat' dir='ltr'>ebori</span> <span class='ocrx_word' id='word_1_512' title='bbox 1208 2599 1373 2629; x_wconf 80' lang='lat' dir='ltr'>auctoritas</span> <span class='ocrx_word' id='word_1_513' title='bbox 1397 2602 1461 2627; x_wconf 88' lang='lat' dir='ltr'>erat</span> <span class='ocrx_word' id='word_1_514' title='bbox 1476 2596 1569 2627; x_wconf 87' lang='lat' dir='ltr'>Urbis</span> 
     </span>
     <span class='ocr_line' id='line_1_77' title="bbox 863 2641 1571 2676; baseline -0.004 -5"><span class='ocrx_word' id='word_1_515' title='bbox 863 2646 974 2672; x_wconf 77' lang='lat' dir='ltr'>nostrae</span> <span class='ocrx_word' id='word_1_516' title='bbox 1002 2642 1215 2672; x_wconf 75' lang='lat' dir='ltr'>trecentesimo</span> <span class='ocrx_word' id='word_1_517' title='bbox 1240 2641 1358 2671; x_wconf 86' lang='lat' dir='ltr'>decimo</span> <span class='ocrx_word' id='word_1_518' title='bbox 1384 2651 1473 2676; x_wconf 82' lang='lat' dir='ltr'>anno,</span> <span class='ocrx_word' id='word_1_519' title='bbox 1499 2645 1571 2669; x_wconf 82' lang='lat' dir='ltr'>tnnc</span> 
     </span>
     <span class='ocr_line' id='line_1_78' title="bbox 865 2683 1570 2724; baseline -0.007 -9"><span class='ocrx_word' id='word_1_520' title='bbox 865 2686 944 2715; x_wconf 86' lang='lat' dir='ltr'>enim</span> <span class='ocrx_word' id='word_1_521' title='bbox 965 2690 1071 2715; x_wconf 80' lang='lat' dir='ltr'>auctor</span> <span class='ocrx_word' id='word_1_522' title='bbox 1096 2685 1151 2714; x_wconf 90' lang='lat' dir='ltr'>ille</span> <span class='ocrx_word' id='word_1_523' title='bbox 1176 2684 1387 2724; x_wconf 88' lang='lat' dir='ltr'>[Herodotus]</span> <span class='ocrx_word' id='word_1_524' title='bbox 1415 2683 1570 2713; x_wconf 84' lang='lat' dir='ltr'>historiam</span> 
     </span>
     <span class='ocr_line' id='line_1_79' title="bbox 865 2724 1569 2758; baseline -0.006 0"><span class='ocrx_word' id='word_1_525' title='bbox 865 2737 930 2758; x_wconf 81' lang='lat' dir='ltr'>eam</span> <span class='ocrx_word' id='word_1_526' title='bbox 957 2727 1095 2758; x_wconf 84' lang='lat' dir='ltr'>condidit</span> <span class='ocrx_word' id='word_1_527' title='bbox 1123 2727 1247 2757; x_wconf 87' lang='lat' dir='ltr'>Thuriis</span> <span class='ocrx_word' id='word_1_528' title='bbox 1276 2727 1307 2757; x_wconf 87' lang='lat' dir='ltr'>in</span> <span class='ocrx_word' id='word_1_529' title='bbox 1339 2724 1449 2756; x_wconf 86' lang='lat' dir='ltr'>Italia.’</span> <span class='ocrx_word' id='word_1_530' title='bbox 1490 2725 1569 2754; x_wconf 88' lang='lat' dir='ltr'>Plin.</span> 
     </span>
     <span class='ocr_line' id='line_1_80' title="bbox 865 2767 1573 2802; baseline -0.006 -2"><span class='ocrx_word' id='word_1_531' title='bbox 865 2770 946 2800; x_wconf 81' lang='grc' dir='ltr'>ΧΠ.</span> <span class='ocrx_word' id='word_1_532' title='bbox 960 2774 992 2802; x_wconf 81' lang='lat'>4.</span> <span class='ocrx_word' id='word_1_533' title='bbox 1037 2770 1113 2800; x_wconf 86' lang='lat' dir='ltr'>Cum</span> <span class='ocrx_word' id='word_1_534' title='bbox 1130 2771 1392 2800; x_wconf 74' lang='lat' dir='ltr'>constituebantur</span> <span class='ocrx_word' id='word_1_535' title='bbox 1408 2767 1514 2798; x_wconf 85' lang='lat' dir='ltr'>X·viri</span> <span class='ocrx_word' id='word_1_536' title='bbox 1530 2768 1573 2796; x_wconf 80' lang='lat' dir='ltr'>le·</span> 
     </span>
     <span class='ocr_line' id='line_1_81' title="bbox 867 2811 1574 2852; baseline -0.006 -9"><span class='ocrx_word' id='word_1_537' title='bbox 867 2824 937 2852; x_wconf 89' lang='lat' dir='ltr'>gum</span> <span class='ocrx_word' id='word_1_538' title='bbox 967 2813 1170 2849; x_wconf 84' lang='lat' dir='ltr'>ferendarum,</span> <span class='ocrx_word' id='word_1_539' title='bbox 1196 2823 1291 2842; x_wconf 89' lang='lat' dir='ltr'>annus</span> <span class='ocrx_word' id='word_1_540' title='bbox 1317 2813 1402 2841; x_wconf 87' lang='lat' dir='ltr'>urbis</span> <span class='ocrx_word' id='word_1_541' title='bbox 1428 2811 1574 2849; x_wconf 84' lang='lat' dir='ltr'>agebatur</span> 
     </span>
     <span class='ocr_line' id='line_1_82' title="bbox 867 2855 1572 2891; baseline -0.004 -6"><span class='ocrx_word' id='word_1_542' title='bbox 867 2857 957 2887; x_wconf 88' lang='lat' dir='ltr'>CCC.</span> <span class='ocrx_word' id='word_1_543' title='bbox 1001 2856 1116 2886; x_wconf 87' lang='lat' dir='ltr'>Evenit</span> <span class='ocrx_word' id='word_1_544' title='bbox 1131 2863 1244 2891; x_wconf 87' lang='lat' dir='ltr'>autem,</span> <span class='ocrx_word' id='word_1_545' title='bbox 1262 2860 1295 2884; x_wconf 88' lang='lat' dir='ltr'>ut</span> <span class='ocrx_word' id='word_1_546' title='bbox 1318 2855 1387 2883; x_wconf 85' lang='lat' dir='ltr'>eod.</span> <span class='ocrx_word' id='word_1_547' title='bbox 1410 2855 1473 2882; x_wconf 84' lang='lat' dir='ltr'>sere</span> <span class='ocrx_word' id='word_1_548' title='bbox 1499 2858 1572 2884; x_wconf 91' lang='lat' dir='ltr'>tem-</span> 
     </span>
     <span class='ocr_line' id='line_1_83' title="bbox 866 2895 1575 2938; baseline -0.006 -9"><span class='ocrx_word' id='word_1_549' title='bbox 866 2909 942 2938; x_wconf 78' lang='lat' dir='ltr'>pore</span> <span class='ocrx_word' id='word_1_550' title='bbox 956 2900 1162 2929; x_wconf 82' lang='lat' dir='ltr'>Rornanorum</span> <span class='ocrx_word' id='word_1_551' title='bbox 1188 2898 1279 2937; x_wconf 81' lang='lat' dir='ltr'>legati</span> <span class='ocrx_word' id='word_1_552' title='bbox 1294 2897 1429 2926; x_wconf 86' lang='lat' dir='ltr'>Athenas</span> <span class='ocrx_word' id='word_1_553' title='bbox 1451 2895 1575 2935; x_wconf 84' lang='lat' dir='ltr'>profici·</span> 
     </span>
     <span class='ocr_line' id='line_1_84' title="bbox 867 2939 1577 2982; baseline -0.003 -12"><span class='ocrx_word' id='word_1_554' title='bbox 867 2946 1023 2972; x_wconf 83' lang='lat' dir='ltr'>scerentur</span> <span class='ocrx_word' id='word_1_555' title='bbox 1036 2940 1204 2981; x_wconf 69' lang='grc' dir='ltr'>νομοθεσίας</span> <span class='ocrx_word' id='word_1_556' title='bbox 1223 2941 1315 2982; x_wconf 79' lang='grc' dir='ltr'>χάριν,</span> <span class='ocrx_word' id='word_1_557' title='bbox 1331 2944 1361 2969; x_wconf 87' lang='lat' dir='ltr'>et</span> <span class='ocrx_word' id='word_1_558' title='bbox 1377 2939 1577 2969; x_wconf 80' lang='lat' dir='ltr'>Athenienses</span> 
     </span>
     <span class='ocr_line' id='line_1_85' title="bbox 868 2982 1576 3026; baseline -0.006 -11"><span class='ocrx_word' id='word_1_559' title='bbox 868 2985 981 3015; x_wconf 78' lang='lat' dir='ltr'>dictam</span> <span class='ocrx_word' id='word_1_560' title='bbox 1002 2984 1159 3026; x_wconf 83' lang='lat' dir='ltr'>Coloniam</span> <span class='ocrx_word' id='word_1_561' title='bbox 1182 2984 1213 3014; x_wconf 85' lang='lat' dir='ltr'>in</span> <span class='ocrx_word' id='word_1_562' title='bbox 1237 2982 1356 3013; x_wconf 76' lang='lat' dir='ltr'>{taliam</span> <span class='ocrx_word' id='word_1_563' title='bbox 1379 2982 1576 3012; x_wconf 82' lang='lat' dir='ltr'>deducerent.</span> 
     </span>
    </p>
   </div>
  </div>
 </body>
</html>
