1839 3229
206 170 261 211 98
780 164 1108 208 1.TAYLOR1

827 353 1053 397 OAP.H.

130 469 193 500 578
278 465 387 495 Plures
403 463 505 504 Lysiae
520 463 620 494 codd.
633 463 727 493 MSS.
765 461 914 502 Plagiarii
928 461 1055 501 antiqui.
1102 460 1290 491 Emendatus
1303 460 1391 491 Theo
1407 465 1439 491 et
1460 459 1636 491 Athenaeus.

211 540 333 575 INTER
348 539 549 574 nitidissimi
569 538 760 582 Scriptoris
771 538 950 570 orationes
964 547 1006 570 ea
1018 536 1180 570 maxime
1194 536 1373 580 placuisse
1388 535 1586 579 judicatur,
1599 545 1683 580 quae

214 596 251 629 in
269 598 390 629 nostra
409 593 594 634 Editione,
612 594 666 627 uti
683 596 720 626 et
736 594 772 626 in
790 592 924 626 Aldina
940 592 1083 636 pariter,
1102 591 1234 635 legitur
1250 591 1431 625 secunda:
1460 602 1481 624 a
1508 602 1542 634 p.
1561 592 1619 624 49.
1639 589 1687 623 ad

217 653 298 684 130.
323 649 380 682 ed.
406 648 453 682 R.
503 648 693 692 Siquidem
722 658 803 680 eam
832 647 941 680 unice
973 645 1202 689 descriptam,
1229 646 1332 690 quasi
1360 646 1490 679 ceteris
1518 644 1688 678 omnibus

218 704 407 748 praelatam
438 705 474 735 et
505 703 706 735 lectitatam
735 701 963 746 frequentius
994 700 1100 734 hodie
1130 703 1274 734 servant
1306 700 1547 735 Bibliothecae
1574 708 1689 743 quam

220 758 400 802 plurimae.
452 756 515 790 Ex
541 756 631 790 MS.
651 757 742 790 Cod.
762 756 958 798 Vaticano,
989 756 1189 800 itidemque
1219 756 1290 789 alio
1319 757 1355 790 S.
1380 756 1499 789 Marci
1525 754 1691 788 Venetiis

220 813 394 846 nonnulla
409 812 518 855 hujus
535 811 707 845 orationis
723 812 757 845 in
770 812 898 845 melius
912 811 1068 845 restituit
1080 810 1250 844 Muretus
1261 811 1349 846 Var.
1363 812 1469 845 Lect.
1486 810 1622 845 XVII.
1637 812 1693 844 11.

220 868 356 901 Praeter
371 866 641 911 complusculos
656 867 776 909 Lysiae
798 865 915 900 Codd.
932 866 1041 899 MSS.
1057 866 1191 910 quibus
1207 866 1384 900 instructa
1401 868 1455 899 est
1470 865 1697 899 Bibliotheca

221 921 480 961 Laurentiana,
501 931 584 965 quae
602 924 656 955 est
673 922 884 962 Florentiae,
912 921 1032 954 Plutei
1059 920 1128 954 IV.
1147 920 1241 953 Cod.
1259 920 1419 954 XXIV.
1444 920 1537 953 hanc
1564 920 1695 952 oratio-

221 986 302 1009 nem
319 975 495 1016 continet,
507 976 562 1009 uti
576 987 625 1009 ex
640 976 752 1009 literis
767 974 1016 1009 humanissimi
1033 975 1143 1009 Bern.
1160 973 1441 1008 Montesalconii
1454 973 1503 1008 V.
1517 974 1559 1008 C.
1576 974 1623 1007 ad
1637 984 1695 1007 me

222 1030 318 1064 datis
333 1035 443 1074 atque
460 1042 507 1065 ex
528 1031 658 1073 Langii
678 1030 776 1064 Dani
799 1030 965 1073 catalogo
991 1030 1168 1074 impresso
1190 1028 1372 1062 intellexi.
1422 1028 1591 1062 Habetur
1607 1039 1698 1073 quo—

221 1096 293 1129 que
310 1086 346 1118 in
366 1085 539 1119 Biblioth.
557 1085 706 1119 Coislin.
721 1085 812 1118 Cod.
825 1084 1041 1118 CCXLVI.
1061 1087 1171 1117 aetate
1189 1085 1226 1116 et
1245 1083 1460 1116 auctoritate
1478 1081 1697 1117 venerabili:

221 1140 384 1184 itemque
408 1139 445 1173 in
463 1140 555 1174 cod.
575 1140 646 1173 alio
661 1140 710 1173 D.
727 1140 772 1173 de
790 1139 955 1173 Mesmes
972 1138 1009 1172 in
1028 1140 1185 1172 Senatus
1199 1137 1414 1172 Parisiensis
1431 1138 1541 1171 Curia
1560 1136 1698 1171 Princi-

222 1193 277 1237 pis
292 1204 300 1227 :
326 1194 362 1227 in
376 1194 468 1227 Cod.
490 1194 642 1228 Barocc.
659 1194 813 1228 Oxoniis
831 1205 838 1229 :
867 1194 1058 1235 Perizonii,
1075 1194 1196 1238 Lugd.
1213 1194 1437 1227 Batavorum
1455 1193 1493 1227 in
1508 1193 1699 1227 bibliothe-

223 1259 266 1282 ca
291 1249 449 1292 denique
467 1249 694 1291 Augustana,
713 1251 846 1292 praeter
872 1260 933 1282 eos
958 1249 1125 1289 Codices,
1143 1259 1234 1292 quos
1259 1248 1357 1281 nacti
1384 1250 1470 1282 sunt
1485 1247 1590 1281 istius
1608 1247 1701 1281 Ora-

224 1303 331 1336 tionis
349 1302 401 1337 H.
420 1303 638 1347 Stephaan
666 1303 725 1337 Fr.
747 1303 969 1347 Philelphus,
996 1304 1142 1347 aliique,
1168 1307 1277 1346 atque
1296 1303 1444 1336 demum
1465 1301 1700 1345 exemplaria,

226 1357 444 1401 quibuscum
476 1358 711 1391 conferuntur
736 1357 817 1391 libri
845 1359 919 1390 duo
944 1357 979 1390 in
998 1358 1227 1390 bibliothecis
1245 1358 1376 1389 nostris
1394 1355 1702 1398 Cantabrigiensi-

225 1412 307 1445 buS.
365 1410 611 1445 Venustissima
628 1415 728 1445 certe
746 1412 873 1451 oratio,
891 1415 928 1443 et
950 1410 1201 1455 pulcherrima,
1225 1409 1346 1454 siquid
1371 1410 1531 1444 habeant
1561 1411 1702 1444 Recen-

227 1466 361 1500 tiorum
391 1467 610 1507 testimonia,
633 1466 788 1499 Victorii
818 1476 868 1499 sc.
898 1468 935 1498 ct
965 1464 1118 1504 Mureti,
1147 1464 1386 1498 auctoritatis.
1437 1464 1703 1499 Gravissimum

227 1525 328 1554 certe
347 1521 538 1564 Scriptoris
557 1521 686 1553 studiis
704 1522 740 1553 et
757 1523 867 1553 aetate
895 1530 988 1563 pene
1015 1519 1140 1552 aemuli
1161 1518 1359 1562 judicium,
1375 1518 1558 1561 Isocratis,
1574 1519 1638 1563 qui
1655 1529 1704 1553 ex

227 1576 295 1609 hoc
310 1574 456 1609 fontei-1
471 1574 731 1619 Panegyricam
747 1585 847 1608 suam
862 1575 1130 1619 copiosissimos
1142 1574 1276 1608 rivulos
1291 1574 1459 1608 deduxit.
1488 1576 1604 1620 Εὕροις
1617 1574 1643 1607 δ’
1659 1577 1705 1608 ἂν

227 1632 283 1664 καὶ
310 1633 404 1673 παρὰ
420 1631 602 1674 Ἰσοκράτει
627 1631 662 1663 ἐν
688 1633 738 1673 τῷ
764 1632 994 1673 Πανηγυρικῷ
1020 1632 1062 1662 τὰ
1091 1630 1129 1662 ἐν
1146 1632 1194 1672 τῷ
1220 1630 1345 1662 Λυσίου
1361 1629 1550 1672 Ἐπιταφίῳ
1575 1631 1631 1662 καὶ
1656 1631 1707 1673 τῷ

226 1685 422 1730 Ὀλυμπικῷ
437 1685 511 1729 (vel
530 1685 657 1717 melius
677 1684 827 1718 fortasse
843 1683 1083 1728 Ὀλυμπιακῴ)
1101 1683 1214 1717 Theo.
1234 1693 1267 1716 c.
1288 1686 1320 1718 l.
1346 1683 1446 1717 Add.
1465 1683 1650 1717 Plutarch.
1665 1682 1704 1717 in

227 1740 401 1780 Isocrate,
420 1740 679 1774 Philostratum
695 1741 733 1773 et
754 1738 936 1779 Photium,
950 1742 987 1772 et
1003 1749 1085 1782 quae
1101 1739 1147 1772 de
1165 1749 1209 1772 ea
1221 1749 1260 1771 re
1278 1738 1486 1772 acutissime
1500 1738 1642 1772 notavit
1658 1737 1705 1771 ad

230 1797 415 1829 auctorem
436 1798 600 1828 nostrum
616 1793 881 1827 eruditissimus
899 1793 1156 1834 Marklandus,
1176 1795 1358 1836 praerepta
1375 1792 1463 1826 mihi
1485 1792 1585 1826 omni
1601 1802 1706 1826 occa-

230 1851 330 1884 sione
347 1851 505 1884 dicendi.
553 1850 730 1883 Veterum
759 1852 856 1882 certe
883 1848 1000 1882 minor
1026 1848 1094 1881 fuit
1110 1848 1147 1881 in
1166 1848 1232 1881 hac
1251 1850 1350 1891 parte
1368 1846 1515 1890 religio;
1542 1857 1626 1881 nam
1643 1857 1705 1880 ea-

230 1906 313 1938 dem
341 1905 452 1938 animi
478 1905 695 1943 constantia,
721 1914 795 1948 qua
821 1914 871 1937 ex
902 1903 1036 1937 Nostro
1063 1903 1257 1943 Isocrates,
1279 1913 1328 1936 ex
1354 1901 1527 1936 Isocratis
1544 1902 1704 1936 vicissim

229 1959 391 1993 oratione
406 1958 677 1992 Panathenaica
694 1958 847 2002 plurima
863 1958 900 1991 in
919 1968 985 1991 sua
1007 1957 1172 1991 oratione
1190 1958 1356 2002 ὁμωνύμῳ
1373 1957 1556 2000 expressit
1574 1956 1706 1991 Aristi-

231 2012 306 2047 des.
334 2012 438 2046 Vitas
456 2013 496 2046 X
517 2012 711 2046 Oratorum
726 2012 775 2045 ita
790 2011 1002 2057 descripsere
1020 2015 1175 2055 uterque
1191 2014 1228 2045 et
1245 2010 1412 2052 Photius,
1427 2013 1465 2044 et
1478 2010 1707 2051 Plutarchus,

233 2069 273 2100 ut
290 2067 444 2100 alterum
463 2068 508 2100 ab
526 2067 638 2100 altero
653 2066 876 2111 eaescrz'psisse
904 2066 1062 2101 fatearis.
1114 2066 1222 2099 Unus
1247 2068 1302 2098 est
1319 2066 1410 2099 liber
1426 2065 1592 2108 ejusdem
1617 2066 1707 2099 Plu-

232 2121 348 2155 tarchi
366 2123 412 2156 de
430 2123 574 2166 placitis
593 2122 894 2166 Philosophorum
914 2126 951 2155 et
967 2121 1110 2165 Galeni,
1130 2121 1193 2166 qui
1210 2120 1418 2154 inscribitur
1434 2119 1598 2154 Historia
1614 2119 1708 2154 Phi-

232 2176 417 2221 losoplzica.
466 2177 526 2211 Ita
543 2177 716 2212 Philistus
732 2176 778 2221 (si
796 2177 935 2210 Theoni
952 2177 1042 2211 fides
1057 2178 1080 2211 1.
1100 2187 1133 2210 c.
1153 2187 1239 2209 nam
1256 2174 1440 2210 intercidit
1459 2175 1624 2220 auctor):
1645 2180 1707 2211 τὸν

233 2232 389 2266 Ἀττικὸν
405 2233 486 2265 ὅλον
500 2234 651 2277 πόλεμον
664 2234 700 2266 ἐν
717 2236 788 2272 τοῖς
803 2233 981 2272 Σικελικοῖς
997 2233 1031 2265 ἐκ
1047 2236 1115 2265 τῶν
1131 2231 1331 2265 Θουκυδίδου
1346 2231 1566 2275 μετενὴνοχε.
1621 2231 1707 2265 Me-

235 2287 386 2327 nander,
400 2290 490 2320 teste
508 2288 658 2321 Caecilio
676 2287 774 2332 apud
793 2286 967 2330 Porphyr.
986 2286 1032 2320 de
1051 2286 1192 2320 erudito
1210 2286 1359 2320 auditu:
1378 2286 1460 2319 ὅλον
1476 2285 1585 2330 δρᾶμα
1597 2287 1631 2322 ἐξ
1648 2286 1708 2330 ἀρ-

236 2346 304 2386 χῆς
321 2344 366 2381 εἰς
383 2342 479 2382 τέλος
495 2343 609 2387 (quod
628 2353 714 2376 sane
731 2343 898 2386 mireris),
913 2343 1138 2386 Ἀντιφάνους
1156 2345 1218 2376 τὸν
1233 2344 1427 2384 Οἰωνιστήν
1440 2342 1647 2387 μετέγραψεν
1664 2343 1710 2382 εἷς

236 2400 298 2431 τὸν
312 2397 558 2441 Δεισιδαίμονα.
610 2398 659 2431 Et
676 2398 705 2431 si
722 2398 803 2442 quis
827 2397 1062 2430 Plutarchum
1079 2397 1116 2430 in
1135 2397 1268 2431 Crasso
1285 2407 1371 2431 cum
1387 2396 1548 2440 Appiani
1565 2397 1708 2430 Parthi-

237 2451 289 2484 cis
305 2449 383 2494 (qui
401 2451 506 2484 hodie
524 2453 674 2484 exstant
690 2451 861 2495 uterque)
882 2450 1046 2485 conferre
1065 2452 1161 2493 velit,
1189 2454 1307 2486 totum
1332 2452 1452 2484 locum
1479 2450 1524 2483 de
1539 2449 1710 2484 Aristidis

239 2504 450 2545 Milesiacis‚
468 2504 690 2549 spurcissimi
718 2505 901 2548 scriptoris
926 2516 1033 2550 opere
1060 2505 1311 2549 improbando,
1329 2505 1426 2539 hunc
1444 2505 1490 2539 ab
1507 2504 1570 2539 illo
1587 2506 1650 2539 vix
1669 2506 1711 2539 li-

238 2560 355 2593 terula
372 2569 443 2592 una
456 2558 649 2592 immutata
665 2559 824 2592 inveniet
841 2563 970 2593 mutuo
987 2562 1194 2605 sumpsisse.
1244 2560 1289 2592 In
1309 2560 1509 2593 forensibus
1527 2569 1612 2593 sane
1629 2560 1709 2594 Au-

239 2614 401 2647 ctoribus
419 2615 604 2647 nonnullae.
632 2616 735 2646 erant
751 2615 855 2657 quasi
881 2626 975 2648 voc-es
999 2614 1164 2660 legitimae
1181 2616 1218 2647 et
1235 2614 1379 2647 dicendi
1404 2614 1566 2648 formulae
1594 2615 1711 2649 solen-

240 2671 368 2709 niores,
381 2669 418 2702 in
435 2669 567 2713 quibus
586 2680 606 2701 a
623 2679 659 2702 se
677 2668 835 2702 invicem
853 2670 1059 2713 discrepare
1076 2670 1137 2702 vix
1156 2672 1334 2712 poterant,
1349 2669 1490 2702 etiamsi
1508 2669 1544 2702 id
1562 2680 1709 2713 operam

240 2724 427 2757 dedissent
443 2723 605 2756 sedulam
620 2738 625 2755 :
652 2724 905 2767 Δέομαι-μετ’
924 2726 1056 2763 εὐνοίας
1073 2725 1214 2756 ἀκοῦσαι
1226 2742 1271 2749 ω·-
1283 2724 1470 2767 ποιήσομαι
1486 2724 1530 2763 ὡς
1547 2726 1591 2757 ἂν
1606 2724 1711 2758 δύνω-

239 2792 299 2822 μαι
320 2778 372 2812 διὰ
396 2779 625 2822 βραχυτάτων
642 2781 719 2816 τοὺς
743 2780 879 2821 λόγους.
907 2778 984 2810 ὅθεν
1001 2778 1111 2821 ῥᾷστα
1135 2779 1592 2822 μαθήσεσθε-πειράσομαι
1618 2779 1710 2812 διδά-

242 2846 343 2866 σκειν.
373 2832 564 2866 Demosth.
581 2843 612 2864 c.
627 2831 774 2875 Aphob.
792 2834 825 2866 l.
878 2832 938 2864 Ita
964 2832 1099 2864 Noster
1122 2842 1183 2875 pro
1210 2831 1428 2865 Mantitheo.
1447 2843 1482 2876 p.
1501 2835 1583 2873 576,
1598 2836 1631 2867 9.
1650 2834 1709 2867 ed.

242 2886 287 2919 R.
314 2888 435 2931 Δέομαι
454 2884 515 2920 οὖν
533 2888 638 2931 ὑμῶν,
657 2887 733 2931 μετ’·
744 2888 876 2925 εὐνοίας
894 2887 1121 2930 ἀκροάσασθαί
1136 2899 1211 2930 μου.
1238 2887 1421 2931 ποιήσομαι
1448 2887 1481 2919 δὲ
1497 2890 1564 2928 τὴν
1579 2888 1709 2923 ἀπολο-

241 2943 333 2983 γίαν,
361 2943 405 2980 ὡς
433 2943 477 2974 ἂν
503 2942 652 2985 δύνωμαι
681 2941 734 2974 διὰ
760 2943 1009 2986 βραχυτάτων;
1051 2944 1087 2975 et
1117 2951 1150 2974 c.
1182 2940 1474 2986 Eratosthenem,
1501 2953 1537 2987 p.
1563 2945 1643 2978 384.
1671 2946 1705 2978 7.
