1839 3229
230 194 277 233 18
786 193 817 234 l.
851 191 1114 233 TAYLORI

226 297 319 335 raris
347 310 429 335 esse
459 297 721 347 paucissimas,
748 311 793 335 ex
827 297 997 335 editione
1026 297 1230 348 Stephani,
1253 308 1365 346 quam
1390 302 1514 334 servat
1534 294 1671 333 biblio-

223 360 334 396 theca
368 359 600 397 Academica
636 358 815 409 Lugduni
854 359 1100 403 Batavorum,
1139 358 1406 396 desumuntur.
1467 358 1672 396 Rationem

222 419 387 469 deniqne
411 421 529 459 habui
550 422 734 466 omnium,
757 433 844 470 quae
865 421 1121 458 observarunt
1142 421 1200 457 vel
1225 420 1442 457 Gulielmus
1469 420 1671 464 Canterus,

223 482 279 518 vel
311 482 479 520 Iacobus
514 483 737 527 palmerius,
769 482 831 519 hic
861 480 898 518 in
930 481 1280 520 Exere-nationibus
1312 481 1359 518 ad
1394 480 1562 530 optimos
1592 479 1670 517 fere

221 544 414 582 Auctores
444 546 622 589 Graecos,
660 542 785 593 Lugd.
816 544 900 580 Bat.
924 546 1040 581 1668.
1065 548 1145 581 cito.
1175 543 1237 580 ille
1268 542 1305 579 in
1335 542 1507 579 versione
1536 541 1674 578 Latina

221 605 435 644 Rhetorum
459 605 716 656 quorundam,
738 606 826 643 Bas.
846 608 965 644 1506.
993 605 1058 644 fol.
1088 610 1153 644 aut
1181 606 1360 642 Muretus·
1383 603 1551 653 denique
1571 602 1609 640 in
1627 603 1672 640 li-

222 666 298 704 bris
320 668 523 705 Variorum
547 667 787 705 Lectionum.

275 729 502 778 Fragmenta
531 729 671 766 deinde
703 728 838 767 sedulo
868 728 1101 779 conquisivi,
1132 729 1373 778 primusque,
1405 727 1510 777 quod
1536 725 1670 771 sciam,

219 790 400 840 reliquias
423 789 584 839 hujusce
605 790 774 828 auctoris
795 790 947 839 collegi.
1005 789 1117 839 Opus
1140 803 1228 827 sane
1249 790 1368 840 pluris
1390 801 1535 838 operm,
1557 800 1672 838 quam

219 858 285 890 aut
305 852 519 902 elegantiae,
540 858 605 890 aut
626 852 772 902 gratiae.
829 851 1136 889 Tumultuarium
1164 851 1353 889 doctrinae
1377 864 1510 901 gemm,
1531 849 1598 887 ubi
1616 848 1672 885 in-

218 914 322 964 genii
342 914 517 964 exiguus,
538 914 700 952 laterum
721 912 894 951 infinitus
910 912 1032 950 labor.
1063 912 1123 949 Ad
1149 913 1230 950 haec
1247 914 1474 963 promissum
1496 910 1672 948 Iudicem

220 974 361 1024 adjeci,
395 975 511 1012 vitam
540 976 739 1020 Auctoris,
776 988 892 1024 quam
924 974 1058 1011 sedulo
1087 974 1330 1020 concinnavi,
1363 980 1403 1012 et
1436 972 1672 1018 testimonia,

219 1037 362 1086 quibus
393 1050 414 1074 a
445 1038 548 1075 Vett.
576 1038 788 1075 ornabatur
817 1036 964 1088 Lysias,
994 1036 1193 1074 edentium
1221 1036 1270 1074 ad
1300 1049 1470 1075 normam
1499 1034 1672 1074 studiose

219 1098 394 1148 undique
413 1099 564 1149 collegi.
644 1087 650 1092 ⁵

271 1159 477 1197 Accedunt
506 1167 695 1210 praeterea
716 1160 978 1209 Conjecturae,
1009 1173 1104 1210 quas
1135 1173 1203 1210 pro
1233 1161 1387 1211 egregia
1409 1173 1476 1197 sua
1496 1159 1671 1197 humani-

216 1228 308 1267 tate,
331 1235 407 1272 qua
426 1221 622 1271 insigniter
642 1223 775 1272 pollet,
798 1235 946 1260 mecum
965 1221 1237 1272 benignissime
1254 1221 1552 1259 communicavit
1567 1234 1671 1259 sum-

218 1295 300 1320 mus
320 1284 388 1320 Vir
410 1284 483 1320 Ier.
508 1283 775 1329 Marklandus,
796 1297 817 1321 a
839 1297 898 1321 me
931 1297 1083 1334 semper
1109 1290 1148 1321 et
1168 1283 1347 1321 amicitiae
1375 1291 1415 1321 et
1440 1282 1671 1321 eruditionis

216 1344 368 1382 nomine
398 1344 552 1395 plurimi
581 1345 798 1391 habendus,
827 1352 866 1383 et
894 1344 1082 1383 colendus
1113 1345 1287 1383 maxime.
1345 1345 1434 1389 Quo
1455 1357 1545 1382 sane
1564 1344 1670 1382 facto

216 1406 286 1443 Vir
313 1406 587 1445 celeberrimus
617 1419 692 1444 non
720 1408 845 1445 solum
874 1407 1066 1445 Editionis
1086 1413 1229 1445 nostrae
1253 1406 1381 1452 nitori,
1405 1418 1534 1443 verum
1554 1406 1671 1444 etiam

215 1467 453 1518 aliquantum
476 1468 646 1506 Editoris
665 1468 777 1506 famae
796 1468 1013 1510 consultum
1034 1469 1126 1507 ivit:
1148 1481 1237 1506 cum
1253 1467 1520 1518 deprehendet
1536 1480 1670 1518 aequus

213 1528 337 1567 lector
365 1530 459 1568 locis
489 1530 791 1580 aliquammultis
816 1543 837 1568 a
857 1543 917 1568 me
945 1530 1036 1569 olim
1057 1530 1242 1568 restitutis
1262 1529 1358 1568 tanti
1378 1528 1462 1567 Viri
1483 1528 1671 1567 accedere

213 1591 414 1629 consilium
434 1597 472 1629 et
491 1592 776 1630 auctoritatem.

265 1653 412 1691 Praeter
433 1653 638 1698 Lectiones
659 1653 810 1699 Varias,
833 1667 931 1704 quas
951 1667 998 1691 ex
1027 1653 1128 1691 Cod.
1150 1653 1238 1691 MS.
1259 1655 1390 1702 (quem
1415 1652 1563 1691 idcirco
1583 1652 1667 1690 Ste-

206 1713 422 1764 phanicum
441 1713 636 1764 appellare
657 1714 778 1761 soleo)
809 1714 859 1750 H.
881 1714 1105 1763 Stephanus
1126 1714 1385 1764 deprompsit,
1407 1713 1574 1751 Textum
1595 1713 1671 1764 Ly-

212 1775 278 1813 siae
308 1776 492 1813 collatum
513 1774 657 1820 curavi,
685 1774 807 1823 gratia
834 1781 953 1824 atque
981 1774 1195 1813 interventu
1221 1774 1529 1824 praestantissimi
1550 1781 1669 1824 atque

213 1837 478 1874 humanissimi
498 1837 581 1874 Viri
602 1837 653 1873 D.
676 1836 864 1875 Bernardi
885 1836 1202 1883 Montefalconii,
1220 1850 1296 1887 qno
1317 1849 1429 1873 nemo
1450 1837 1519 1874 has
1540 1836 1668 1874 literas

211 1899 361 1936 felicius
393 1904 458 1936 aut
490 1897 693 1935 humanius
722 1898 886 1947 adjuvit,
921 1911 1009 1935 cum
1043 1898 1143 1936 Cod.
1170 1899 1259 1936 MS.
1289 1899 1378 1937 olim
1415 1898 1670 1950 Segueriano,

212 1966 348 2011 postea
369 1960 620 2006 Coislinz‘ano,
643 1959 759 1997 hodie
781 1973 870 1997 vero
885 1958 1224 2011 Sangermanensi.
1255 1961 1389 1998 Codex
1405 1967 1462 1998 est
1477 1961 1669 1999 membra-

213 2037 355 2061 naceus
385 2023 424 2060 in
453 2022 563 2068 folio,
592 2035 751 2060 numero
773 2025 863 2060 342.
886 2035 998 2070 quam
1021 2021 1088 2059 diu
1108 2022 1146 2059 in
1169 2022 1414 2060 Bibliotheca
1435 2022 1670 2060 Coisliniana

211 2085 495 2131 asservabatur,
517 2084 659 2122 saeculo
682 2084 771 2121 XV.
794 2090 986 2121 exaratus.
1042 2083 1313 2130 Amanuensis,
1343 2083 1409 2132 qui
1440 2083 1542 2120 hunc
1567 2083 1667 2122 Cod.

211 2146 431 2197 descripsit,
454 2148 607 2184 Graecae
635 2145 775 2195 linguae
807 2144 1023 2194 imperitus,
1047 2145 1166 2182 multa
1186 2145 1222 2183 in
1250 2145 1417 2183 lectione
1438 2145 1608 2192 novavit,
1629 2152 1669 2184 et

210 2209 416 2246 nonnullas
437 2222 551 2246 voces
574 2207 756 2245 barbaras
776 2206 942 2244 admisit.
999 2207 1156 2244 Vocalis
1178 2225 1203 2252 ι,
1228 2224 1259 2253 υ,
1280 2224 1314 2254 η,
1335 2223 1380 2252 ει,
1402 2223 1449 2254 οι,
1476 2208 1566 2245 item
1585 2224 1601 2245 ε
1627 2214 1668 2246 et

209 2287 248 2308 αι
268 2270 481 2321 saepissime
504 2269 711 2307 immiscuit
729 2282 738 2307 :
767 2268 884 2312 Quod
905 2267 1066 2306 fortasse
1087 2282 1164 2306 non
1180 2282 1226 2307 ex
1243 2282 1311 2306 sua
1328 2269 1479 2314 inscitia
1497 2269 1665 2316 admisit,

209 2345 338 2370 verum
360 2346 406 2370 ex
434 2345 504 2369 suo
525 2331 749 2381 exemplari,
775 2331 880 2379 quod
911 2330 1130 2380 descripsit,
1159 2330 1335 2368 derivare
1364 2330 1504 2381 potuit.
1559 2331 1666 2370 Jam-

208 2393 358 2443 pridem
379 2393 477 2430 enim
500 2405 629 2430 earum
651 2392 834 2431 vocalium
857 2397 934 2430 tam
953 2391 1053 2429 inter
1073 2392 1334 2439 scribendum,
1355 2405 1468 2440 quam
1489 2392 1590 2430 inter
1610 2393 1664 2430 le-

208 2454 374 2504 gendum
395 2454 637 2504 promiscuus
656 2460 738 2491 erat
757 2467 860 2491 usus.
919 2453 963 2490 In
986 2466 1031 2490 eo
1053 2460 1245 2503 perpetuo
1266 2452 1346 2491 fere
1361 2459 1566 2490 exarantur
1585 2452 1664 2490 ε’ὂῦ-

206 2533 309 2561 ναι-ο,
343 2520 579 2564 γιγνώσκειν,
609 2515 728 2562 ἕνεκα,
760 2519 972 2563 γίγνονται,
1011 2514 1253 2567 ἔφθαρμένοι,
1282 2516 1528 2565 τειχιζόντων,
1555 2517 1662 2566 ὑπερ-

206 2576 430 2623 βαλλόντων
451 2581 526 2613 etc.
547 2589 635 2624 quae
653 2576 689 2612 in
710 2575 794 2613 aliis
816 2575 944 2613 Codd.
966 2576 1147 2625 leguntur
1166 2575 1337 2622 ἠδύνατο,
1357 2581 1564 2624 γινώσκειν,
1584 2577 1663 2614 ἔνε-

207 2655 283 2689 κεν,
313 2638 498 2687 γίνονται,
527 2636 802 2688 διεφθαρμένοι,
824 2637 1133 2688 διατειχιζόντων,
1162 2636 1451 2688 ὑπερβαλόντων
1480 2644 1557 2675 etc.
1613 2639 1664 2677 Et

204 2699 378 2737 similiter
396 2698 538 2745 ubique
556 2697 635 2735 fere
658 2699 803 2735 desunt
831 2705 933 2736 notae
966 2699 1041 2735 illae
1075 2699 1368 2737 ΜΑΡΤὙῬΕΣ.
1403 2698 1661 2738 ΨΗΦΙΣΜΑ.

203 2760 393 2800 ΝΟΜΟΣ
421 2767 626 2808 ceteraque
656 2760 890 2808 hujusmodi.
947 2760 1090 2798 Verum
1112 2761 1249 2799 Codex
1278 2761 1378 2799 infra
1407 2761 1521 2807 hanc,
1548 2774 1661 2809 quam

203 2824 295 2869 dixi,
316 2828 469 2861 aetatem
491 2822 653 2872 positus,
678 2827 716 2859 et
749 2821 976 2859 incuriosius
1003 2822 1213 2869 aliquando
1244 2822 1462 2872 descriptus
1484 2835 1659 2873 saepenu-

203 2899 308 2924 ine-ro
331 2883 532 2935 vestigium
553 2883 711 2935 optimae
736 2882 913 2922 lectionis
935 2896 1158 2934 expressum
1179 2883 1400 2922 reservavit.
