1839 3229
222 198 304 239 126
785 198 819 241 I.
852 199 1114 242 TAYLORI

217 316 290 350 quo
306 304 502 338 infortunio
520 306 582 338 aut
599 316 787 349 operarum
806 307 956 349 incuria,
983 307 1101 341 adhuc
1128 310 1225 352 ἱερεῖα
1251 309 1371 343 locum
1399 319 1470 342 non
1495 318 1613 350 suum,
1637 307 1672 341 id

217 363 274 393 est
289 359 328 393 in
346 362 463 397 textu,
480 363 645 403 occupat.
698 361 734 393 Si
755 365 831 404 posi
848 372 903 403 ea,
922 372 1005 405 quae
1024 362 1068 394 ad
1086 363 1205 395 locum
1224 363 1299 396 dixi
1318 364 1362 396 de
1379 363 1518 397 feminis
1533 361 1675 396 Cereris

219 425 319 448 sacra
335 414 560 456 facientibus,
587 415 722 458 aliquid
748 416 792 448 sit
818 415 1026 457 dicendum,
1054 416 1159 450 habe.
1208 418 1359 462 Ἐρὴμην
1386 418 1410 450 δ’
1428 420 1530 452 αὐτοῦ
1557 416 1674 463 [Alci-

218 467 350 515 biadis]
368 472 597 513 καταγνόντες
613 472 667 502 καὶ
685 472 727 502 τὰ
745 470 904 514 χρήματα
922 471 1192 515 ὃημεύσαντες,”
1177 486 1211 505 ετ
1215 487 1225 505 ι
1240 475 1446 517 καταρᾶσθαι
1471 472 1674 517 προσεψηφί-

219 538 325 559 σαντο
342 526 477 564 πάντας
493 538 573 569 ιερε
581 528 620 564 ῖς
648 527 701 557 καὶ
727 538 781 569 ιερ
794 527 890 567 flag,
917 523 963 560 ὧν
980 528 1092 570 μόνην
1109 530 1187 570 φασὶ
1212 528 1349 561 θεανὼ
1378 541 1456 568 την
1480 527 1675 566 Μένωνος

219 580 453 624 Ἀγραυλῆθεν
471 581 645 612 ἀντειπεῖν
669 583 754 623 πρὸς
780 582 816 613 τὸ
842 581 1007 626 ψήφισμα,
1031 583 1223 625 φάσκουσαν
1249 585 1359 626 εὐχῶν
1385 585 1423 616 οὐ
1449 587 1604 627 καταρῶν
1629 583 1677 615 ιέ-

219 649 339 680 ρειαν
368 634 554 679 γεγονέναι.
604 634 785 667 Plutarch.
817 636 853 668 in
882 636 1081 671 Alcibiade.
1112 640 1243 683 Ἴστρος
1272 640 1304 672 δὲ
1342 640 1564 683 Δήμητρος
1591 636 1677 672 εἶναι

222 690 349 734 στέμμα
365 691 444 732 φησὶ
461 692 526 729 τὴν
542 689 708 733 μυρῥίνην
725 693 778 723 καὶ
798 693 863 731 τὴν
880 692 1037 734 σμίλακα·
1062 695 1115 725 καὶ
1133 696 1193 726 τὸν
1209 695 1406 738 ἱεροφάντην
1423 696 1476 726 καὶ
1494 696 1555 733 τὰς
1578 694 1678 738 ἱερο-

221 744 427 788 φάντιδας
449 747 503 776 καὶ
529 747 590 777 τὸν
607 745 774 788 δᾳδοῦχον
792 748 843 778 καὶ
862 748 923 785 τὰς
947 747 1081 787 ἄλλοις
1107 749 1254 792 ἱερείας
1278 748 1439 793 μυρρίνης
1455 749 1544 790 ἔχειν
1561 747 1678 791 στέφα-

222 815 294 835 νον,
345 799 467 834 Scliol.
486 800 654 844 Soplioel.
673 801 796 844 OEdip.
814 800 941 834 Colon.
961 804 1042 835 674.
1070 803 1177 836 Adde
1195 815 1242 837 ex
1269 803 1440 838 Mazocli.
1459 806 1495 836 et
1512 803 1678 844 GruterO,

804 898 1003 923 CASPONJA.
1023 899 1054 922 P.
1076 899 1105 923 F.

745 953 954 978 SACERDOS.
981 954 1155 980 CERERIS.

864 1009 1039 1034 PVBLICA.

786 1064 936 1088 POPVLI.
965 1064 1123 1088 ROMANI.

884 1120 1033 1144 SlCVLA.

227 1204 341 1238 Vides
366 1202 588 1237 sacerdotem
611 1200 787 1235 Siculam:
812 1203 920 1244 alque
939 1200 1020 1233 liinc
1050 1200 1154 1234 fidem
1177 1201 1288 1234 libero
1305 1212 1412 1246 quam
1432 1201 1564 1234 ibidem
1583 1209 1683 1234 nexu

227 1258 394 1302 obligavi,
410 1260 446 1291 et
463 1256 641 1290 inlustrari
656 1255 761 1288 velim
776 1249 890 1288 c'wtum
907 1255 1014 1287 istum
1032 1253 1220 1299 legitimum
1238 1256 1473 1300 κατηράσαντο
1490 1257 1574 1300 πρὸς
1587 1255 1684 1288 ἐσπέ-

227 1327 303 1358 ραν.
355 1313 494 1352 Romae,
522 1311 571 1344 ait
598 1311 723 1344 Livius
746 1310 836 1343 VII.
854 1312 888 1343 6.
920 1311 942 1326 “
957 1309 1013 1343 Μ.
1040 1309 1219 1353 Curtium,
1250 1311 1391 1344 silenlio
1419 1311 1527 1352 facto,
1557 1308 1685 1355 templa

229 1368 390 1402 Deorum
415 1366 684 1405 immortalium,
708 1376 788 1408 quae
815 1365 909 1398 Foro
936 1365 1136 1405 imminent,
1165 1365 1459 1410 Capitoliumque
1483 1366 1684 1407 intuentem,

228 1427 264 1457 et
281 1434 408 1457 manus
435 1433 531 1456 nunc
556 1420 593 1454 in
613 1422 761 1458 coelum,
779 1430 875 1452 nunc
892 1420 926 1452 in
945 1423 1102 1464 patentis
1119 1423 1225 1453 terrae
1245 1419 1365 1454 hiatus
1382 1421 1425 1453 ad
1446 1419 1546 1453 Deos
1564 1419 1687 1453 Manis

228 1479 466 1523 porrigentem
485 1489 522 1510 se
541 1475 763 1510 devoxissess’
812 1476 883 1509 Hic
901 1475 1039 1509 Cereris
1057 1477 1271 1509 Sacerdotes
1289 1476 1333 1509 ad
1357 1476 1560 1509 occidentem
1583 1473 1687 1508 solem

229 1534 405 1575 conversi,
422 1534 519 1567 unde
536 1530 678 1565 Cereris
695 1541 796 1563 saera
812 1531 1029 1574 petebantur
1045 1531 1168 1573 (allata
1194 1535 1279 1564 sunt
1305 1531 1400 1564 enim
1428 1541 1476 1564 ex
1502 1530 1625 1564 Sicilia
1642 1529 1688 1563 ad

231 1588 422 1632 Atticam),
442 1587 621 1621 bominem
639 1586 871 1628 religionibus
889 1586 961 1618 suis
978 1586 1218 1620 devovebant.
1247 1588 1271 1603 “
1285 1586 1437 1620 Aditum
1452 1588 1507 1619 cst
1523 1585 1567 1618 ad
1584 1585 1691 1618 libros

234 1644 451 1688 Sibyllinos;
476 1643 511 1676 in
529 1642 657 1686 quibus
671 1641 859 1674 inventum
873 1644 939 1679 est,
954 1641 1119 1674 Cererem
1136 1640 1426 1685 antiquissimam
1441 1639 1573 1684 placari
1587 1650 1693 1684 opor-

234 1702 321 1733 lere.
371 1699 466 1732 Tum
485 1709 532 1730 ex
551 1696 769 1740 amplissimo
787 1695 950 1738 collegio
968 1695 1112 1729 Xvirali
1140 1696 1355 1730 Sacerdotes
1372 1696 1410 1728 P.
1430 1695 1477 1728 R.
1497 1705 1580 1728 eum
1598 1698 1693 1728 esset

235 1754 271 1787 in
296 1754 382 1787 urbe
407 1756 530 1786 nostra
547 1751 686 1785 Cereris
711 1750 995 1794 pulcherrimum
1021 1753 1057 1783 et
1084 1751 1477 1794 magnificentissimum
1503 1750 1692 1794 ternplum,

235 1812 357 1842 lamen
375 1819 489 1852 usque
507 1808 649 1841 Enuam
668 1805 815 1850 profecti
839 1809 934 1838 sunt.
983 1806 1103 1839 'fania
1120 1806 1215 1838 euim
1233 1808 1308 1838 erat
1326 1805 1520 1839 auctoritas
1537 1808 1573 1838 et
1590 1806 1692 1837 vetu-

238 1867 310 1897 stas
327 1864 422 1897 illius
440 1862 633 1906 religionis,
649 1863 691 1893 ut
715 1871 798 1893 eum
824 1860 909 1893 illue
937 1860 1039 1896 irent.
1067 1870 1135 1892 non
1164 1861 1207 1892 ad
1236 1860 1352 1893 aedem
1378 1860 1529 1900 Cereris,
1557 1858 1619 1892 sed
1646 1858 1692 1891 ad

237 1919 351 1962 ipsam
375 1917 541 1952 Cererem
569 1915 744 1960 proficisci
761 1913 1005 1947 vi‹lerentur.’'
1030 1914 1106 1947 Cic.
1131 1918 1164 1948 4.
1185 1914 1327 1947 Verrin.
1355 1914 1414 1947 Ita
1440 1913 1596 1947 Ovidius
1621 1911 1691 1946 IV.

238 1974 335 2007 Fast.
351 1975 410 2007 21.

425 2028 450 2045 “
476 2027 590 2060 Grata
607 2025 735 2058 domus
751 2025 870 2058 Cereri
888 2036 896 2058 :
924 2024 1057 2058 multas
1072 2023 1122 2057 ibi
1141 2022 1297 2067 possidet
1316 2023 1434 2063 urbes,

518 2082 563 2115 In
581 2080 709 2125 quibus
726 2084 779 2112 cst
796 2080 894 2112 culto
912 2079 1036 2113 fertilis
1061 2078 1194 2112 Henna
1211 2077 1324 2111 solo.''

237 2145 296 2180 lta
312 2146 431 2187 Pluto,
447 2144 511 2189 qui
528 2143 613 2176 dum

563 2206 586 2223 “
612 2215 716 2239 curru
736 2207 893 2238 atrorum
911 2209 1036 2238 vectus
1054 2214 1226 2248 equorum

516 2260 690 2294 Ambibat
707 2258 835 2293 Siculoe
852 2262 979 2292 cautus
998 2259 1207 2292 fundamina
1223 2256 1362 2299 terrae‚”

238 2326 485 2370 Proserpinam
504 2324 586 2358 vidit
604 2330 637 2357 ct
653 2322 820 2367 abripuit,
837 2334 858 2356 a
875 2322 1050 2366 Sophocle
1068 2322 1102 2354 in
1119 2321 1245 2365 OEdip.
1261 2321 1397 2364 Tyran.
1415 2323 1562 2354 vocatur
1577 2322 1693 2356 ἕσπε-

237 2397 308 2428 ρος
324 2384 412 2420 θεός.
463 2380 573 2414 Βίοό.
593 2381 664 2414 Sic.
682 2381 701 2412 l.
715 2383 749 2414 5.
769 2379 846 2412 init.
874 2380 912 2411 Οἱ
928 2379 1058 2419 ταύτην
1074 2375 1135 2411 οὗν
1153 2381 1383 2417 κατοικοῦντες
1401 2379 1591 2411 Σικελιῶται
1609 2391 1696 2423 παρ-

237 2439 389 2481 ειλήφασι
415 2439 508 2480 παρὰ
534 2440 602 2469 τῶν
630 2436 821 2479 τρογὸνων,
842 2435 892 2467 ἀεὶ
918 2437 980 2474 τῆς
1006 2434 1118 2477 φήμης
1143 2435 1177 2470 ἐξ
1203 2434 1325 2472 αἰῶνος
1340 2432 1610 2477 παραδεδομένης
1626 2437 1697 2472 τοῖς

239 2495 402 2537 ἐγγόνοις,
419 2493 511 2536 ιεράν
528 2492 694 2535 ὑπάρχειν
711 2492 776 2530 τήν
793 2502 902 2529 νησον
918 2489 1094 2532 Δήμητρος
1110 2502 1128 2521 κ
1131 2491 1163 2521 αἱ
1182 2489 1304 2532 Κόρης.
1333 2487 1445 2521 ’Ἔνιοι
1462 2486 1493 2519 δὲ
1511 2491 1579 2520 τῶν
1598 2492 1700 2528 Ποιη-

241 2552 308 2581 τῶν
330 2537 556 2591 μυθολογοῦσι
582 2559 667 2578 κατα
697 2547 757 2577 τὸν
774 2548 832 2577 τοῦ
860 2544 1063 2583 Πλούτωνος
1087 2546 1141 2576 καὶ
1166 2543 1378 2586 Περσεφόνης
1404 2542 1515 2586 γάμον
1532 2543 1597 2575 ὑπὸ
1620 2545 1696 2581 Διὸς

242 2603 487 2645 ἀνακάλυπτρα
506 2604 547 2644 Τῇ
570 2601 680 2643 νυμφη
706 2611 755 2631 Cf<
746 2600 856 2631 0159(st
873 2612 1002 2639 Ταυτην
1018 2612 1083 2638 ΤηΊΙ
1100 2602 1219 2638 νῆσΟν’
1237 2610 1314 2636 Tovss
1332 2597 1363 2629 O&
1381 2610 1619 2636 καΤΟιΚΟυνΤας
1636 2598 1697 2629 αὖ·

243 2661 306 2699 τὴν
321 2660 359 2691 τὸ
377 2658 527 2689 παλαιὸν
544 2657 705 2692 Σικανοὺς
722 2655 940 2696 αὐτόχθονας
957 2651 1044 2686 εἷναί
1060 2661 1161 2696 φασιν
1178 2654 1207 2686 οὶ
1224 2653 1446 2696 νομιμώτατοι
1469 2656 1536 2685 τῶν
1554 2665 1700 2695 συγγρα-

160 2719 224 2748 '700
242 2714 338 2758 φὲων,
363 2714 416 2745 καὶ
443 2711 504 2750 τάς
530 2724 562 2742 τε
588 2709 829 2753 προειρημένας
857 2710 933 2747 θεὰς
957 2710 993 2741 ἐν
1010 2709 1117 2752 ταύτῃ
1144 2710 1284 2752 πρώτως
1308 2710 1469 2751 φανῆναι,
1492 2708 1623 2740 καὶτὸν
1641 2709 1698 2740 τοῦ

243 2771 335 2802 σι’του
364 2768 496 2812 καρπὸν
521 2765 651 2805 ταύτην
683 2766 820 2807 πρώτην
846 2765 1111 2795 ἀνεῖναι-Καὶ
1139 2765 1201 2801 τὰς
1224 2764 1301 2800 θεὰς
1327 2761 1358 2793 δὲ
1385 2762 1512 2809 ταύτας
1539 2761 1698 2805 εὑρούσας

244 2820 371 2870 [σῖτον]
396 2822 585 2860 ἀκολούθως
612 2823 682 2859 τοῖς
709 2818 900 2862 εἰρημένοις,
924 2819 1010 2862 ὁρᾷν
1036 2819 1104 2851 ἐστὶ
1128 2818 1275 2861 μάλιστα
1300 2816 1483 2861 τιμωμένας
1510 2819 1604 2862 παρὰ
1627 2821 1698 2857 τοῖς

246 2881 462 2918 Σικελιώταις.
511 2876 746 2919 Epigramma
763 2873 964 2906 Aris-iocus.

429 2940 580 2984 Δάματερ
598 2938 805 2981 πολύκαρπε,
822 2938 861 2968 σὺ
879 2935 942 2979 κῇν
960 2936 1144 2969 Σικελοῖσιν
1160 2935 1304 2977 ἐναργὴς

474 2997 537 3028 Καὶ
558 2993 636 3037 παρ’
649 2991 884 3037 Ἐρεχθείδαις·
902 2994 939 3024 ’ἐν
958 2990 988 3022 δέ
1006 3004 1036 3023 τι
1062 2992 1158 3022 τοῦτο
1175 2988 1259 3032 μέγα
