1839 3229
253 185 279 225 4
398 174 399 184 ¹
812 182 847 222 Ι.
880 181 1141 223 TAYLORI

253 288 482 339 Eutropius,
500 288 675 339 quisquis
692 289 848 327 demum
868 288 997 333 fuerit,
1015 294 1120 326 certe
1139 287 1304 338 Vegetio
1331 287 1417 337 ipso
1437 299 1514 324 non
1542 287 1704 324 multum

251 352 457 389 recentior.
517 350 755 389 priscianum
777 351 944 389 Flaccus
965 350 1194 388 Theodorus
1215 349 1393 400 Dionysii
1408 349 1458 386 V.
1480 350 1530 386 D.
1552 349 1705 387 Memo-

252 412 355 449 rialis
377 411 485 449 Sacri
503 411 640 450 Scrinii
659 411 920 461 Epistolarum
938 418 976 448 et
996 410 1168 460 Adjutor
1187 411 1245 449 M.
1268 410 1482 454 Quaestoris
1503 409 1613 448 Sacri
1630 410 1705 447 Pa-

252 473 333 511 latii
359 473 396 510 in
426 474 521 512 urbe
543 474 669 512 Roma
695 472 904 523 Cpolitana
932 473 1084 511 Olibrio
1113 474 1193 511 viro
1227 472 1450 511 Clarissimo
1469 472 1560 511 Cos.
1617 471 1704 509 Oli-

254 537 359 574 brius
379 537 471 575 Cos.
492 542 576 574 erat
594 536 675 574 sine
695 535 869 585 Collega,
891 541 933 573 ut
953 549 1000 573 ex
1019 536 1140 574 Fastis
1161 536 1347 574 discimus
1370 538 1418 574 A.
1439 535 1485 574 C.
1507 538 1600 573 526.
1622 547 1703 585 qno

254 605 429 649 tempore
458 598 590 636 floruit
618 597 837 636 Priscianus
863 598 959 648 ipse.
1017 598 1122 642 Quin
1142 604 1182 637 et
1201 597 1431 636 Theodorus
1458 610 1497 635 se
1517 595 1706 634 Prisciani

252 660 469 698 auditorem
483 661 602 698 fuisse
622 659 839 711 profitetur.
896 660 986 697 Non
1008 660 1172 698 maximo
1190 660 1390 699 intervallo
1403 657 1590 709 Virgilius
1605 658 1708 695 Cen-

254 734 379 760 sorem
400 727 537 760 nactus
557 728 615 760 est
633 722 818 760 Turcium
841 720 998 760 Rufium
1019 723 1286 771 Apronianum
1303 722 1511 769 Asterium,
1530 725 1648 771 prout
1661 731 1709 757 ex

254 783 429 832 ejusdem
450 797 566 823 manu
590 791 754 835 apparet
780 785 817 822 in
847 784 1109 822 vetustissimo
1130 784 1231 824 Cod.
1251 784 1417 836 Virgilii,
1445 796 1562 834 quem
1583 787 1708 820 servat

256 846 505 885 Bibliotheca
523 847 705 885 Medicea
723 846 772 884 ad
795 846 846 885 D.
863 846 1126 885 Laurentium.

385 959 542 980 Tchlvs.
573 960 708 980 RVFIVS.
741 959 980 979 APRONIANVS.
1010 958 1189 979 ASTERIVS.
1218 958 1249 977 V·
1275 958 1303 978 C.
1338 959 1391 978 ET.
1416 958 1486 978 INL.
1520 958 1576 977 Ex.

432 1003 555 1023 COMIT.
579 1003 727 1024 DOMEST.
752 1002 919 1023 PROTECT.
945 1003 1001 1022 Ex.
1026 1003 1107 1022 COM.
1137 1002 1233 1022 PRIV.
1258 1001 1404 1022 LARGIT.

385 1046 441 1066 Ex.
461 1047 585 1068 PRAEF.
602 1048 696 1067 VRBI.
714 1046 909 1066 PA‘sRl‘tlvs.
936 1046 988 1066 ET.
1017 1046 1159 1066 CONSVL.
1176 1045 1301 1066 ORDIN·
1327 1044 1422 1064 mici.
1440 1045 1492 1065 ET.
1511 1044 1581 1063 DIS-

427 1089 566 1108 TIchr.
592 1090 759 1109 CODICFM.
786 1089 947 1109 FRATRIS.
973 1089 1166 1109 MACIIARH.
1190 1089 1220 1108 V.
1246 1089 1273 1108 C·

384 1131 467 1151 NON.
492 1132 566 1152 MEI·
595 1131 747 1151 FIDVCIA.
771 1131 841 1150 SED.
866 1131 951 1151 Elvs.

255 1228 295 1260 et
318 1235 406 1272 quae
438 1228 665 1273 sequuntur,
697 1221 861 1272 legenda
897 1221 935 1258 in
967 1221 1082 1259 Gorii
1114 1220 1437 1271 Inscriptiouibus
1467 1219 1638 1270 antiquis
1672 1219 1711 1257 in

255 1285 407 1323 Etruria
438 1286 679 1324 exstantibus
711 1298 749 1336 p.
780 1289 871 1324 452.
929 1285 991 1323 De
1025 1285 1167 1322 Asterii
1202 1284 1287 1335 (qui
1315 1284 1464 1322 Consul
1490 1290 1573 1321 erat
1592 1285 1640 1321 A.
1663 1285 1710 1322 C.

255 1349 366 1396 494.)
386 1361 525 1398 genere
544 1354 584 1385 ct
603 1354 735 1396 aetate,
758 1348 928 1398 itemque
950 1346 1149 1398 Virgiliani
1179 1346 1336 1384 Codicis
1363 1345 1635 1384 emendatione
1655 1345 1712 1383 vi-

256 1409 408 1447 dendus
436 1416 495 1447 est
516 1410 850 1449 Eminentissimus
873 1409 990 1448 Card.
1013 1409 1210 1455 Norisius,
1232 1409 1450 1459 Cenotaph.
1472 1409 1600 1447 Pisan.
1622 1409 1713 1448 Dis-

256 1476 344 1508 sert.
361 1476 400 1508 4.
459 1474 590 1521 Atque
613 1473 699 1510 haec
721 1479 809 1510 sunt
828 1473 957 1509 omnia
978 1471 1070 1509 fidei
1089 1472 1251 1509 sincerae
1279 1477 1318 1509 et
1342 1484 1430 1521 quae
1450 1471 1624 1510 laborare
1642 1484 1711 1509 ne-

257 1540 388 1584 queat,
410 1547 528 1584 qnum
547 1535 779 1584 quibusdam
796 1536 916 1573 MSS.
933 1547 1064 1573 eorum
1081 1547 1242 1572 censura
1258 1539 1298 1572 et
1310 1534 1522 1572 auctoritas
1538 1533 1713 1584 publica,

258 1596 337 1632 sive
358 1597 612 1646 autographa,
639 1597 717 1635 sive
747 1598 794 1635 ad
825 1597 942 1635 fidem
970 1597 1125 1634 alterius
1152 1596 1382 1646 exemplaris
1416 1595 1630 1646 descripta,
1662 1595 1714 1634 ad

258 1656 371 1694 finem
393 1658 569 1704 adhaesit,
584 1665 702 1709 atque
719 1660 767 1697 ad
789 1665 919 1696 nostra
939 1665 1114 1708 tempora
1129 1658 1322 1696 devenit.*
1361 1657 1577 1696 Illustriora
1590 1657 1714 1696 multo

258 1724 295 1756 et
325 1720 372 1757 ad
402 1721 643 1771 propositum
680 1735 804 1759 meum
836 1721 1054 1765 disertiora,
1077 1733 1164 1770 quae
1183 1720 1232 1758 ab
1252 1720 1434 1770 Antiquis
1455 1726 1716 1758 memorantur

259 1781 308 1818 de
329 1781 467 1819 Plauto
500 1795 522 1820 a
550 1783 724 1821 Varrone
749 1783 953 1829 recensito,
989 1782 1091 1819 unde
1121 1782 1247 1819 Plauti
1273 1782 1415 1819 fabulae
1447 1781 1714 1828 Varronianae,

259 1858 356 1895 quas
378 1859 432 1882 sc.
457 1845 520 1882 ille
540 1845 742 1891 admisit:†
764 1845 812 1883 de
834 1858 967 1895 opera,
989 1857 1104 1894 quam
1118 1843 1235 1894 juxta
1255 1844 1468 1881 Eusebium
1486 1844 1526 1881 in
1546 1843 1714 1882 Chroni-

259 1908 327 1955 cis‚
347 1908 535 1958 impendit
556 1909 698 1947 Cicero
718 1910 874 1959 scriptis
896 1908 1079 1954 Lucretii,
1095 1908 1143 1945 de
1162 1908 1352 1945 Cicerone
1372 1907 1422 1944 ab
1443 1907 1614 1945 Asconio
1635 1908 1715 1946 Ne-

259 1970 361 2007 ronis
384 1970 484 2020 Imp.
511 1976 626 2008 aetate
647 1971 867 2016 emendato,
889 1971 1014 2008 Ennio
1033 1984 1055 2007 a
1076 1968 1381 2020 Lampadione,‡
1403 1976 1442 2007 et
1463 1969 1627 2020 Virgilio
1646 1969 1715 2009 de-

260 2045 361 2070 mum
383 2032 441 2069 vel
457 2032 576 2082 ipsius
596 2033 762 2083 Augusti
782 2033 1019 2083 temporibus
1040 2046 1062 2070 a
1077 2033 1206 2079 Vario,
1226 2032 1371 2076 Tucca,
1389 2038 1427 2069 et
1447 2032 1619 2083 Hygino.

317 2094 437 2131 Porro
458 2094 545 2131 huic
566 2095 741 2133 felicitati
762 2096 928 2133 accessit
954 2107 1032 2132 non
1066 2094 1204 2139 minor,
1235 2106 1279 2131 ea
1307 2093 1469 2138 scilicet,
1491 2107 1579 2143 quae
1600 2094 1716 2132 Anti-

261 2156 462 2206 quioribus
483 2156 637 2194 Criticis
658 2158 850 2195 Auctores
871 2157 1054 2207 integros,
1076 2156 1254 2205 adeoque
1275 2169 1348 2193 ase
1366 2156 1459 2206 ipsis
1480 2155 1634 2194 felicius
1649 2169 1716 2194 ex-

261 2218 468 2269 poliendos
501 2219 917 2269 recognoscendosque
948 2218 1105 2256 obtulit.
1173 2218 1361 2267 Magnum
1396 2218 1434 2255 id
1462 2223 1543 2255 erat
1573 2218 1716 2268 ingenii

261 2280 552 2327 adminiculum,
570 2281 803 2331 Scriptorem
832 2295 879 2318 ex
903 2293 970 2318 ore
1000 2281 1123 2331 ipsius
1150 2280 1294 2329 fingere
1314 2285 1354 2317 et
1383 2279 1533 2317 colores
1558 2279 1717 2327 ducere,

263 2355 362 2391 quos
384 2342 465 2392 ipse
484 2349 843 2392 repraesentaverat.
899 2343 985 2380 Nos
998 2342 1168 2380 vicissim
1183 2341 1503 2379 hariolationibus
1522 2354 1568 2378 ex
1583 2354 1717 2392 aequa-

261 2404 353 2441 lium
375 2404 612 2453 Scriptorum
637 2418 708 2442 usu
732 2405 878 2450 ductis,
909 2418 955 2442 ex
977 2404 1160 2451 Dialecti,
1182 2403 1220 2441 in
1242 2417 1318 2454 qua
1339 2403 1505 2454 scripsit,
1526 2403 1638 2453 genio
1658 2409 1717 2442 at-

263 2478 339 2515 que
359 2464 507 2509 indole,
529 2479 574 2502 ex
597 2466 751 2503 Scholae
768 2467 940 2516 denique
956 2473 1023 2504 aut
1045 2466 1277 2516 Disciplinae
1297 2465 1541 2511 auctoritate,
1562 2472 1715 2504 aetatem

262 2526 510 2564 conterimus.
568 2528 744 2565 Fortasse
765 2528 879 2566 etiam
900 2527 1112 2578 aliquando
1131 2540 1218 2565 cum
1239 2526 1352 2564 larvis
1367 2526 1570 2574 luctamur,
1586 2534 1624 2566 et
1644 2528 1717 2566 So-

307 2629 325 2646 *
343 2628 553 2667 Chirographo
569 2639 624 2658 suo
640 2630 834 2659 recensiones
850 2641 867 2660 a
883 2641 915 2659 sc
932 2631 973 2659 fa·
1008 2632 1063 2660 sed
1086 2637 1118 2660 ut
1140 2641 1224 2669 purae
1239 2629 1447 2669 liquentisque
1471 2635 1564 2666 esset,
1587 2641 1718 2671 equusne

264 2677 328 2702 ctas
353 2671 574 2701 attestabantur
597 2672 644 2700 vel
669 2672 844 2701 muniebant
867 2673 973 2702 Critici
1009 2684 1044 2702 an
1060 2684 1141 2713 eques
1167 2673 1280 2702 Ennius
1304 2673 1451 2711 scriptum
1473 2674 1661 2713 reliquisset,
1682 2675 1720 2704 li-

264 2720 394 2744 veteres.
441 2713 519 2744 Ἐπεὶ
542 2713 594 2753 ufir
617 2715 676 2749 τοῖς
700 2715 830 2750 βιβλίοις,
854 2715 873 2744 ἃ
900 2715 974 2755 διως-
1009 2717 1093 2745 brum
1109 2726 1233 2745 summae
1248 2720 1338 2754 atque
1351 2717 1528 2745 reverendae
1546 2718 1720 2754 vetustatis,

264 2759 351 2788 θοῦτο
363 2759 457 2793 τοῦτο,
474 2756 741 2794 ἐγκαταλέλειπται
758 2757 914 2796 σύμβολον.
928 2758 974 2787 ἐπὶ
1009 2769 1098 2798 quem
1121 2759 1185 2788 fere
1208 2759 1368 2788 constabat
1391 2759 1607 2798 Lampadionis
1629 2770 1720 2790 manu

262 2804 316 2842 γὰρ
326 2800 369 2840 τῷ
385 2799 554 2841 Ἀλεξάνδςῳ
570 2801 777 2841 παράγςαμμα
793 2799 846 2830 ἦνῆ
861 2801 975 2840 πατρίς.
1010 2802 1214 2836 emendatum,
1232 2802 1334 2831 studio
1351 2803 1510 2841 pretioque
1523 2803 1618 2832 multo
1631 2803 1720 2833 unius

264 2844 393 2875 Aristid.
422 2844 452 2872 in
480 2844 624 2873 Oratione
654 2844 774 2872 funebri
806 2844 974 2874 Alexandri
1009 2855 1116 2875 versus
1145 2844 1326 2883 inspiciendi
1369 2846 1466 2884 gratia
1509 2845 1655 2880 conduxi,
1691 2851 1722 2875 et

264 2887 457 2918 Cotiaeensis.
1009 2897 1102 2927 eques,
1123 2897 1181 2916 non
1198 2897 1287 2925 equus
1306 2886 1451 2926 scriptum
1470 2887 1498 2917 in
1516 2899 1553 2917 eo
1569 2899 1660 2919 versu
1675 2888 1721 2918 in-

309 2935 322 2963 †
345 2930 423 2959 Gell.
440 2930 505 2959 ΙΙΙ.
520 2931 551 2959 3.
1011 2930 1092 2960 veni.
1110 2930 1190 2960 Cell.
1205 2930 1333 2960 XVIII.
1350 2934 1380 2962 5.

311 2978 323 3011 ζ
351 2974 390 3002 Ut
417 2983 473 3002 nou
495 2972 622 3002 turbida?
648 2972 716 3002 fidei
735 2982 790 3001 nec
813 2972 974 3011 ambiguae,
