1819 3219
629 196 817 239 LYSIAE
848 196 1005 237 VITA.
1491 197 1543 237 57

98 307 271 346 duceret.
328 303 395 343 Eae
427 309 508 342 tum
540 304 716 342 Corinthi
749 303 991 342 habitabant.
1049 302 1189 340 Verum
1221 302 1287 339 ubi
1308 302 1464 340 domum
1493 302 1543 340 ad

97 381 139 406 se
169 367 339 417 recipere
368 366 507 411 noluit,
538 365 722 404 reveritus
753 378 808 404 sc.
831 378 988 403 uxorem
1019 363 1219 415 Brachylli
1250 363 1378 402 fratris
1410 364 1542 410 filiam,

96 435 213 478 atque
243 429 356 465 etiam
388 433 546 465 matrem
579 440 682 464 suam
716 432 807 464 natu
838 427 1035 476 grandem,
1066 438 1154 476 quae
1176 426 1214 462 in
1236 425 1370 463 iisdem
1392 425 1543 463 aedibus

98 489 313 534 habitabat,
337 489 578 528 mulierculas
598 489 645 527 ad
669 489 946 526 Philostratum
976 489 1204 533 Coloneum,
1234 488 1400 524 amicum
1432 501 1544 525 suum

95 558 135 589 et
157 551 397 597 familiarem,
422 550 599 589 deduxit.
657 550 745 589 Una
771 564 857 588 eum
879 550 938 588 his
960 550 1196 600 sequebatur
1217 550 1373 600 Neaera,
1394 550 1549 601 ἐργαζο-

94 618 189 666 μένη
220 616 290 665 μὲν
307 614 373 661 ἤδη
405 618 453 667 τῷ
488 616 644 666 σώματι,
679 617 835 666 νεωτέρα
867 614 905 652 δὲ
938 611 1069 652 οὖσα.”
1125 614 1225 652 Haec
1247 614 1547 652 Demosthenes.

97 677 243 715 Habita
261 682 320 715 est
341 689 386 714 ea
406 676 545 714 Oratio
563 681 699 715 contra
723 675 963 727 Stephanum
979 676 1186 726 quendam,
1209 676 1288 726 qui,
1307 681 1349 713 ut
1375 676 1547 713 Metani-

95 751 174 776 ram
208 738 356 789 Lysias,
384 737 564 775 Neaeram
592 739 748 783 amavit,
778 744 817 776 et
846 744 989 788 praeter
1018 738 1118 787 leges
1147 737 1314 785 Atticas,
1347 737 1548 775 mulierem

95 801 334 851 peregrinam
356 800 394 837 in
414 800 503 838 loco
525 801 652 838 uxoris
673 800 826 839 habuit.
858 799 1033 837 Emendo
1056 800 1131 837 hae
1143 799 1351 837 occasione
1365 798 1546 837 Athen.l.

97 862 211 899 toties
231 861 366 908 citato,
386 861 568 913 Νικαρέτη
588 861 628 899 δὲ
646 864 668 907 ἡ
688 861 818 911 ἑταῖρα
836 861 936 912 (lege
963 860 1123 911 Νέαιρα,
1145 873 1230 898 nam
1251 861 1438 899 Nicareta
1465 866 1548 898 erat

94 922 194 970 lena,
215 935 306 973 qu'aev
325 937 370 960 ex
390 923 531 961 Neaera
553 929 742 973 quaestum
767 923 872 972 fecit)
892 923 1054 974 ἐρωμένη
1080 921 1126 967 ἦν
1146 921 1334 975 Στεφάνου
1358 926 1423 960 τοῦ
1442 922 1547 972 ῥήτο-

94 1000 172 1035 ρος,
191 984 339 1023 Λυσίου
357 984 396 1022 δὲ
415 989 478 1023 τοῦ
500 989 671 1036 σοφιστοῦ
686 984 913 1035 Μετάνειρα.
954 983 1028 1021 Sed
1052 983 1126 1020 hoe
1142 984 1281 1022 obiter.
1323 983 1547 1028 Contendo,

95 1046 204 1095 quod
225 1046 337 1096 longe
358 1046 513 1097 gravius
533 1051 606 1092 est,
626 1059 672 1083 ex
694 1044 852 1082 historia
877 1044 1180 1094 ipsaapparere,
1203 1045 1286 1082 haee
1305 1045 1354 1083 ad
1374 1051 1546 1083 nostrum

95 1107 314 1158 pertingere
335 1120 408 1144 non
431 1120 560 1158 posse,
579 1107 758 1156 adeoque
778 1105 879 1143 duos
900 1105 1018 1143 fuisse
1039 1107 1174 1156 Lysias
1201 1112 1316 1146 aetate
1337 1120 1412 1145 non
1433 1107 1548 1157 longe

96 1168 266 1214 dissitos,
288 1182 449 1218 qnorum
474 1181 531 1205 res
553 1174 673 1218 gestae
695 1174 736 1205 et·
754 1167 916 1205 fortasse
941 1167 1085 1217 ingenii
1118 1174 1365 1205 monumenta
1395 1169 1549 1206 incaute

97 1229 148 1266 ab
167 1229 266 1274 aliis,
288 1230 401 1266 etiam
424 1229 584 1266 vetustis
615 1227 883 1278 scriptoribus,
913 1228 1066 1266 misceri
1087 1235 1126 1266 et
1146 1228 1332 1267 confundi
1355 1229 1546 1267 solebant.

97 1291 258 1329 Orator-i
277 1297 409 1328 nostro
430 1291 658 1342 Brachyllus
677 1291 797 1329 frater
826 1303 904 1328 non
930 1296 1026 1335 erat,
1049 1303 1180 1329 verum
1214 1290 1489 1328 Polemarchus
1509 1298 1557 1329 et·

97 1352 377 1403 Euthydemus.
435 1352 512 1390 Res
540 1351 623 1403 ipsa
657 1358 811 1390 constat
839 1365 885 1390 ex
914 1352 1106 1403 Dionysio
1128 1352 1296 1398 Halic.‚*
1318 1352 1472 1390 nomina
1501 1366 1547 1389 ex

96 1414 298 1460 Platone.†
353 1415 432 1459 Qui
454 1414 700 1466 Brachyllum
731 1421 921 1452 memorat
947 1416 1110 1465 primus,
1137 1413 1368 1452 Plutarchus
1395 1420 1465 1460 est,
1490 1414 1549 1452 vel

97 1475 228 1526 potius
249 1476 445 1514 Plutarchi
466 1476 612 1524 simius,
634 1476 701 1527 qui
727 1489 773 1513 ex
794 1476 867 1514 hoe
888 1475 1164 1513 Demosthenis
1185 1476 1273 1513 loco
1294 1475 1446 1513 tertium
1472 1475 1549 1513 fra-

97 1544 211 1583 trem,
242 1538 491 1589 Brachyllum
520 1538 688 1584 nomine,
719 1537 832 1575 eruit.
889 1537 1071 1584 Accedit,
1094 1538 1199 1587 quod
1222 1537 1289 1587 qui
1316 1537 1549 1576 Metaniram

99 1599 246 1646 habuit,
267 1613 344 1637 non
375 1599 525 1638 Rhetor
553 1604 621 1638 aut
648 1600 793 1637 Orator
819 1599 975 1645 dicitur,
998 1599 1064 1637 sed
1093 1599 1312 1650 Sophista,‡
1332 1599 1549 1650 disciplinae

98 1663 212 1712 longe
231 1662 407 1708 diversae,
436 1662 554 1700 studii
573 1668 612 1700 et
629 1662 771 1712 ingenii
791 1675 931 1711 genere
951 1662 1066 1712 plane
1086 1662 1246 1699 alienus.
1303 1661 1456 1704 Λυσίας
1478 1665 1551 1711 γὰρ

100 1725 120 1761 ὁ
152 1727 342 1775 σοφιστὴς,
373 1724 610 1776 Μετανείρας
639 1726 690 1762 ὢν
720 1724 889 1775 ἐραστὴς,
910 1731 949 1761 et
970 1737 1057 1774 quae
1077 1729 1304 1773 sequuntur.
1345 1724 1549 1762 Demosth.

100 1786 125 1822 1.
143 1799 178 1824 c.
210 1786 274 1830 Et,
296 1785 402 1835 quod
430 1792 490 1823 est
517 1785 647 1822 adhuc
677 1785 906 1835 expressius,
936 1798 1010 1822 non
1041 1785 1165 1822 solum
1187 1785 1368 1834 Sophista
1389 1792 1551 1822 vocatur

94 1846 150 1885 Bb
172 1847 363 1884 Athenaeo
383 1847 419 1884 in
442 1846 575 1884 eadem
599 1846 769 1891 historia,
785 1847 863 1884 sed
895 1847 1185 1897 quodammodo
1215 1846 1378 1883 Rhetori
1405 1860 1453 1883 ex
1482 1847 1551 1884 ad-

99 1921 209 1946 verso
228 1908 373 1959 opponi
394 1909 559 1947 videtur.
616 1908 759 1956 Νέαιρα
780 1908 816 1946 δὲ
834 1912 855 1955 ἡ
875 1908 1003 1960 ἑταῖρα
1023 1910 1183 1960 ἐρωμένη
1209 1907 1255 1953 ἦν
1274 1908 1461 1960 Στεφάνου
1490 1914 1552 1946 τοῦ

99 1969 308 2021 ῥήτορος,
329 1969 478 2008 Λυσίου
498 1969 534 2007 δὲ
560 1975 622 2008 τοῦ
651 1975 875 2023 σοφιστοῦ
903 1970 1128 2021 Μετάνειρα.

153 2032 367 2069 Subductis
389 2037 602 2082 temporum
620 2032 848 2079 rationibus,
865 2032 1006 2070 clarius
1022 2045 1081 2079 ea,
1094 2044 1183 2081 quae
1200 2031 1304 2079 dico,
1318 2031 1551 2069 evineentur.

99 2093 254 2137 Neaera,
276 2099 411 2131 contra
431 2106 547 2144 quam
569 2094 726 2145 scripsit
750 2094 962 2131 orationem
983 2095 1093 2131 istam
1116 2094 1413 2140 Demosthenes,
1434 2094 1554 2131 adeo-

101 2167 177 2204 que
199 2155 453 2193 Demostheni
473 2159 696 2210 σύγχρονος,
719 2156 874 2194 minima
895 2162 977 2194 erat
997 2161 1125 2202 aetate,
1146 2169 1231 2193 cum
1254 2156 1388 2206 Lysias
1410 2156 1555 2193 Orator

99 2216 137 2254 in
157 2221 326 2255 extrema
346 2223 544 2256 senectute
565 2218 666 2256 diem
691 2231 912 2269 supremum
940 2217 1050 2255 obiit.
1108 2218 1206 2256 Cum
1227 2218 1343 2268 igitur
1364 2217 1555 2255 Corintho

99 2278 286 2324 Athenas,
308 2291 384 2316 una
405 2292 493 2317 cum
513 2279 708 2318 Metanira
726 2280 902 2330 profecta
921 2285 994 2326 est,
1007 2278 1093 2328 jam
1113 2279 1402 2329 grandiuscula,
1418 2284 1554 2328 utpote

102 2351 190 2389 quae
210 2347 432 2390 occoeperat
451 2346 659 2390 quaestum,
679 2346 904 2379 accersente
937 2353 1054 2390 porro
1075 2340 1241 2385 homine,
1263 2340 1328 2390 qui
1349 2340 1454 2378 domi
1476 2353 1557 2377 nia-

103 2408 199 2438 trem
230 2401 365 2439 habuit
397 2402 656 2452 superstitem,
687 2403 754 2452 qui
785 2402 998 2447 accersivit,
1029 2408 1159 2439 noster
1192 2414 1269 2439 non
1300 2403 1428 2451 potuit
1457 2415 1555 2440 esse.

102 2462 225 2501 Porro
245 2462 378 2501 habita
397 2468 457 2501 est
476 2476 523 2500 ea
542 2475 659 2500 causa
679 2476 713 2501 c.
736 2464 916 2502 Neaeram
938 2464 1052 2513 longe
1074 2471 1163 2514 post
1192 2476 1252 2501 res
1273 2463 1529 2514 Olynthiacas
1547 2478 1555 2507 ;

143 2567 163 2585 ³²
178 2567 214 2596 In
230 2566 333 2606 Lysia,
349 2569 439 2605 juxta
454 2568 518 2597 init.
534 2568 570 2601 εἰς
583 2566 704 2608 Θουρίους
718 2565 813 2608 ᾤχετο
846 2567 998 2603 numisma?
1010 2568 1096 2597 πάλιν
1106 2566 1236 2608 Αἰσχίνην
1249 2567 1285 2607 (i.
1295 2578 1322 2596 e.
1334 2565 1557 2600 Socraticumh

102 2607 196 2640 πλέων
221 2610 270 2639 σὺν
301 2611 319 2638 ἀ
329 2611 344 2639 δ
354 2621 365 2640 ε
375 2612 482 2650 λφοῖς
508 2611 545 2640 δυ
555 2609 603 2640 σι’.
646 2611 678 2640 Si
706 2612 812 2640 tertius
846 2613 1000 2650 κατηγορῶν
1012 2608 1090 2644 οὗτός
1105 2621 1137 2650 γε
1154 2609 1221 2648 φαίη
1233 2622 1278 2645 τις
1293 2609 1336 2645 ἂν,
1351 2608 1419 2638 ἀλλ’
1434 2609 1488 2649 οὐχ
1503 2608 1558 2645 οῖ’γε

103 2652 211 2682 suisset
223 2652 326 2687 frater,
339 2653 390 2692 qui
403 2654 484 2683 domi
498 2653 619 2689 mansit,
631 2663 726 2683 annon
739 2653 813 2682 scri-
847 2653 929 2683 ἄλλοι
939 2655 1151 2694 κατηγοροῦντες
1161 2652 1261 2683 ἐκείνων
1272 2655 1325 2683 τῶν
1337 2652 1431 2681 ἄλλων
1445 2654 1483 2691 (s.
1497 2663 1513 2679 κ
1522 2651 1558 2678 αἱ

103 2695 216 2734 psisset
227 2696 275 2725 σὺν
287 2695 414 2735 ἀδελφῶν
426 2695 506 2735 δυ7ί;
526 2698 602 2727 Eod.
617 2697 708 2727 modo
726 2697 811 2726 Suid.
849 2699 901 2725 τῶν
916 2697 1026 2735 ἄλλων)
1049 2696 1125 2736 ὅμως
1147 2696 1230 2726 αὐτὸν
1244 2696 1335 2735 τούτῳ
1351 2695 1560 2735 προσειρήκασιν

103 2739 154 2767 σὺν
176 2738 356 2777 ἀδελφοῖς
379 2738 445 2768 δύο.
848 2739 959 2774 αὐτούς.
999 2739 1064 2769 ’Ἔτι
1082 2739 1109 2769 δὲ
1133 2739 1154 2768 εἴ
1171 2739 1217 2769 καὶ
1234 2740 1384 2772 Πλάτωνος
1398 2737 1457 2775 ἐξῆν
1469 2748 1559 2765 κατη-

148 2783 161 2812 ¹⁴
178 2781 226 2809 De
242 2781 427 2820 Repufflicfl·
848 2784 977 2822 γοξοῦντα.
999 2784 1137 2822 σοφιστὴν
1162 2783 1333 2822 προσειπεῖν,
1352 2779 1383 2809 ’τί
1402 2779 1449 2808 τού
1457 2790 1516 2812 τους
1532 2778 1560 2816 γ’

147 2826 162 2859 ss
176 2823 320 2852 Aristidis
331 2824 427 2859 locus,
439 2834 527 2863 quem
540 2825 728 2855 adducturus
738 2836 814 2860 sum,
849 2825 880 2854 ἂν
895 2826 964 2856 εἴποι
981 2835 1043 2861 τις;
1059 2824 1138 2860 ἀλλ’,
1153 2824 1247 2864 οἶμαι,
1259 2825 1306 2853 καὶ
1323 2822 1462 2861 Σοφιστὴς
1476 2820 1562 2850 ἐπιει-

106 2869 169 2894 tum
193 2865 224 2894 id
249 2867 392 2901 ostendit,
421 2867 542 2906 Lysiam
564 2868 616 2897 vix
640 2868 815 2908 Sophistam
849 2870 903 2901 κῶς
923 2867 1003 2898 κοινῦν
1021 2866 1050 2898 ἦν
1072 2867 1169 2907 ὄνομα,
1192 2868 1238 2896 καὶ
1265 2869 1278 2897 ἦ
1303 2863 1455 2904 φιλοσοφία
1483 2863 1561 2892 τοῦτ’

107 2907 209 2937 vocari
229 2909 380 2945 potuisse,
401 2914 463 2939 tum
485 2909 514 2939 id
540 2921 672 2950 quoque,
695 2912 814 2949 quinam
849 2909 972 2946 ἐδύνατο,
989 2909 1142 2950 φιλοκαλίοι
1158 2920 1203 2943 τις
1218 2909 1284 2939 εῖναι
1300 2909 1347 2937 καὶ
1364 2905 1487 2947 &maeri
1500 2907 1562 2945 πεςέ

105 2950 189 2988 apud
205 2951 343 2989 antiquos
360 2958 459 2990 etqua
474 2953 512 2982 dc
524 2954 651 2988 ratione,
664 2954 816 2992 sophista:
851 2953 959 2991 λόγους,
981 2954 1028 2982 καὶ
1054 2954 1108 2994 οὐχ
1132 2953 1144 2981 ὁ
1169 2953 1210 2981 νῦν
1237 2951 1343 2990 τςὸνατος
1368 2948 1457 2983 οἶτος,
1484 2951 1563 2979 ἀλλὰ

106 2993 305 3022 vocabantur.
349 2994 390 3024 Οὐ
407 2993 514 3029 Λυσίας
527 2996 669 3026 Πλάτωνα.
681 2998 819 3035 σοφιστὴν
852 2995 966 3026 παιδεία.
981 2998 1081 3028 κοινῶς.
1126 2995 1255 3024 Aris-rim
1272 3005 1298 3023 c..
1317 2993 1397 3023 Plat.
1413 2996 1443 3023 ⁰2.

856 3049 865 3067 1
