1819 3219
530 180 871 225 LECTIONES
907 181 1199 223 LYSIACAE.
1534 179 1589 221 99

130 298 218 341 ὅμως
234 298 267 331 δὲ
284 298 482 343 πειράσομαι
497 300 584 343 ὑμᾶς
600 300 634 336 ἐξ
650 300 775 342 ἀρχῆς,
792 299 836 337 ὡς
860 299 904 330 ἂν
922 297 1070 341 δύνωμαι
1093 296 1131 329 δι’
1147 296 1338 339 ἐλαχίστων
1356 295 1492 333 διδάξαι.
1542 294 1592 328 Et

130 352 306 395 similiter,
337 352 486 387 ineunte
516 352 676 386 oratione
701 363 733 386 c.
755 352 967 395 Agermum,
989 361 1026 394 p.
1043 352 1126 384 449.
1144 352 1178 383 7.
1222 350 1323 383 Ὅθεν
1348 347 1409 382 οὗν
1433 351 1527 393 ἡμεῖς
1555 362 1590 382 τε

129 407 237 452 ῥᾷστα
250 408 435 453 διδάξομεν,
453 410 508 441 καὶ
523 410 617 452 ὑμεῖς
632 407 836 452 μαθήσεσθε,
854 407 1008 440 ἐντεῦθεν
1024 406 1105 450 ὑμῖν
1122 406 1262 449 ἄρξομαι
1278 403 1473 447 διηγεῖσθαι.
1511 403 1590 436 Vix

128 465 249 496 tamen
278 464 427 497 arbitror
454 464 505 497 ita
530 463 746 497 excusanda
772 471 862 502 esse,
887 472 970 505 quae
997 460 1105 494 habet
1134 459 1259 502 Lysias
1286 460 1326 492 (Ie
1347 458 1592 503 Aristophanis

127 516 234 556 bonis,
249 517 326 551 init.
347 518 458 561 paria,
477 518 587 551 immo
604 517 751 550 omnino
765 516 905 557 eadem,
922 526 1005 560 quae
1023 517 1107 548 ante
1123 525 1208 548 eum
1227 513 1367 556 scripsit
1384 513 1592 546 Andocides

127 571 169 604 de
193 570 389 616 Mysteriis.
437 571 644 615 Utrumque
661 571 782 604 locum
808 570 1021 610 exscribam,
1037 580 1121 602 cum
1138 579 1194 601 res
1211 569 1257 601 sit
1273 567 1464 601 inlustrior.
1515 566 1592 599 Ne—

128 625 203 658 scio
220 629 352 667 tamen,
371 629 492 660 utrum
510 628 633 659 actum
650 635 754 668 agam
773 635 908 658 necne:
938 635 1056 668 neque
1083 623 1180 658 enim
1196 622 1433 655 Thomas-ium
1451 621 1492 654 de
1514 620 1593 666 pla-

127 679 189 724 gio
205 677 365 714 literaria
383 680 468 713 mihi
485 680 576 714 serio
593 680 629 713 id
654 680 841 724 expetenti
869 678 988 712 adhuc
1015 678 1128 712 oculis
1151 687 1324 721 usurpare
1351 675 1514 718 contigit,
1531 674 1594 719 qui

129 734 216 767 mihi
233 735 381 769 fortasse
398 737 473 768 tota
492 735 558 768 hac
577 734 826 768 dissertatione
845 734 1080 778 supersedere
1106 732 1294 776 potuisset.
1346 732 1508 774 Αἰτοῦμαι
1532 726 1594 763 οὗν

128 790 228 833 ὑμᾶς,
245 787 270 822 ὦ
287 791 416 834 ἄνδρες,
435 791 571 824 εὔνοιαν
588 792 693 823 πλείω
712 789 948 835 παρασχέσθαι
968 791 1037 833 ἐμοὶ
1054 792 1102 832 τῷ
1117 786 1384 831 ἀπολογουμένῳ
1403 787 1423 826 ἦ
1443 788 1513 824 τοῖς
1535 798 1594 817 κα-

130 847 294 890 τηγόροις·
321 847 461 887 εἰδότας,
476 847 528 880 ὅτι
541 846 604 891 κᾷν
617 847 725 883 ἐξίσου
738 846 914 890 ἀκροᾶσθε,
929 845 1063 887 ἀνάγκη
1081 846 1141 877 τὸν
1156 842 1435 885 ἀπολογούμενον
1450 841 1594 872 ἔλαττον

129 900 232 942 ἔχειν.
250 902 277 933 οἱ
296 904 358 946 μὲν
376 904 439 946 γὰρ
454 903 489 935 ἐκ
506 904 636 935 πολλοῦ
654 902 779 945 χρόνου
796 900 1101 942 ἐπιβουλεύσαντες
1117 899 1171 931 καὶ
1189 897 1380 935 συνθέντες,
1399 896 1495 927 αὐτοὶ
1510 895 1593 926 ἄνευ

129 955 296 989 κινδύνων
312 957 409 995 ὄντες
426 960 492 997 τήν
506 958 710 1001 κατηγορίαν
726 956 947 996 ἐποιήσαντο·
960 954 1023 997 ἐγὼ
1041 954 1072 986 δὲ
1089 955 1172 996 μετὰ
1191 953 1283 991 δέους
1297 953 1352 984 καὶ
1369 949 1526 983 κινδύνου
1539 950 1594 981 καὶ

130 1008 293 1050 διαβολῆς
311 1014 374 1050 τῆς
389 1013 550 1055 μεγίστης
574 1014 640 1052 τὴν
656 1012 852 1053 ἀπολογίαν
878 1012 1046 1052 ποιοῦμαι.
1066 1009 1151 1046 εἰκὸς
1169 1004 1231 1040 οὖν
1247 1008 1334 1050 ὑμᾶς
1353 1007 1445 1038 ἐστὶν
1461 1005 1595 1038 εὔνοιαν

130 1065 235 1097 πλείω
249 1065 483 1109 παρασχέσθαι
499 1067 569 1110 ἐμοὶ
586 1068 607 1106 ἦ
626 1069 696 1104 τοῖς
708 1065 915 1108 κατηγόροις.
931 1065 979 1096 ἔτι
995 1063 1026 1095 δὲ
1044 1064 1096 1095 καὶ
1111 1061 1202 1094 δεινὰ
1217 1060 1512 1103 κατηγορήσαντες
1528 1072 1595 1091 πα-

131 1122 289 1162 ραχρῆμα
318 1119 574 1162 ἐξηλέγχθησαν
598 1120 797 1163 ψευδόμενοι
817 1120 902 1151 οὕτω
928 1121 1087 1161 φανερῶς,
1114 1117 1199 1149 ὥστε
1225 1117 1313 1159 ὑμᾶς
1331 1117 1419 1147 πολὺ
1438 1116 1482 1147 ἂν
1499 1114 1594 1154 ἣδιον

130 1171 227 1213 δίκην
241 1174 362 1215 λαβεῖν
380 1175 472 1216 παρὰ
487 1178 555 1206 τῶν
572 1174 781 1217 κατηγόρων,
796 1176 817 1213 ἢ
836 1174 929 1216 παρὰ
943 1175 1011 1205 τῶν
1028 1170 1340 1214 κατηγορουμένων.
1357 1170 1386 1202 οἱ
1403 1169 1435 1201 δὲ
1453 1166 1496 1202 αὗ
1512 1182 1596 1213 μαρ-

131 1227 339 1269 τυρήσαντες
369 1229 411 1260 τὰ
439 1227 558 1270 ψευδῆ,
588 1228 710 1266 ἀδίκως
735 1228 935 1271 ἀνθρώπους
961 1226 1207 1264 ἀπολέσαντες,
1229 1225 1385 1257 ἑάλωσαν
1413 1224 1493 1266 παρ’
1511 1225 1590 1267 ὑμῖν
1611 1233 1675 1262 679

130 1280 492 1325 ψευδομαρτυριῶντες,
507 1281 593 1321 ἡνίκ’
608 1282 706 1315 οὐδὲν
719 1279 764 1322 ἧν
781 1282 888 1314 πλέον
901 1284 972 1320 τοῖς
993 1281 1216 1313 πεπονθόσιν.
1235 1279 1333 1312 ὁπότ’
1350 1275 1412 1311 οὗν
1429 1278 1492 1318 ἤδη
1508 1279 1593 1310 πολ-

128 1335 173 1366 λὰ
191 1337 328 1368 τοιαῦτα
352 1336 563 1380 γεγένηνται,
580 1337 664 1375 εἰκὸς
682 1338 769 1380 ὑμᾶς
792 1338 862 1369 ἐστὶ
878 1336 983 1380 μήπω
999 1338 1077 1373 τοὺς
1092 1339 1162 1367 τῶν
1187 1335 1384 1378 κατηγόρων
1397 1334 1522 1376 λόγους
1538 1346 1595 1365 πι-

130 1391 230 1429 στοὺς
246 1391 411 1433 ἡγεῖσθαι.
461 1391 673 1425 Andocides
689 1390 742 1437 [p.
762 1393 797 1425 3.
816 1394 850 1424 9.
877 1391 934 1424 ed.
951 1387 1017 1435 R.]
1035 1390 1223 1434 Αίτήσομαι
1237 1386 1299 1422 οὗν
1313 1390 1399 1432 ὑμᾶς
1416 1388 1524 1420 δίκαια
1541 1389 1596 1420 καὶ

128 1443 227 1488 ῥᾴδια
244 1447 459 1489 χαρίσασθαι,
478 1447 560 1479 ἄνευ
576 1448 680 1490 ὀργῆς
697 1448 752 1479 καὶ
770 1447 866 1490 ἡμῶν
889 1446 1043 1485 ἀκοῦσαι,
1062 1446 1174 1488 ὥσπερ
1197 1448 1266 1477 τῶν
1285 1444 1493 1486 κατηγόρων.
1512 1442 1597 1474 ἀνά-

130 1511 194 1542 γκη
212 1500 275 1542 γὰρ
292 1501 353 1533 τὸν
369 1500 662 1543 ἀπολογούμενον,
681 1500 745 1543 κᾷν
763 1502 796 1537 ἐξ
806 1501 881 1533 ’ίσου
892 1500 1067 1543 ἀκροᾶσθε,
1082 1499 1226 1532 ἔλαττον
1237 1499 1338 1541 ἔχειν.
1357 1497 1387 1529 οἱ
1402 1499 1464 1540 μὲν
1482 1499 1546 1539 γὰρ
1563 1497 1597 1528 ἐκ

131 1553 262 1585 πολλοῦ
290 1555 416 1597 χρόνου
439 1553 730 1596 ἐπιβουλεύοντες,
760 1556 856 1587 αὐτοὶ
878 1555 959 1586 ἄνευ
972 1553 1140 1586 κινδύνων
1157 1554 1273 1592 ὄντες,
1302 1554 1368 1592 τὴν
1394 1552 1598 1594 κατηγορίαν

131 1606 346 1646 ἐποιήσαντο·
363 1609 455 1651 ἡμεῖς
470 1608 501 1640 δὲ
513 1609 743 1651 ἀγωνιζόμεθα
755 1611 839 1651 μετὰ
850 1609 942 1646 δέους
952 1610 1005 1640 καὶ
1017 1609 1181 1648 διαβολῆς
1193 1610 1247 1639 καὶ
1258 1607 1415 1641 κινδύνου
1429 1608 1598 1650 μεγίστου.

132 1660 218 1699 εἰκὸς
228 1658 290 1695 οὗν
306 1664 394 1705 ὑμᾶς
407 1664 540 1695 εὔνοιαν
554 1664 659 1694 πλείω
673 1662 764 1704 ἔχειν
781 1666 853 1700 τοῖς
863 1662 1164 1705 ἀπολογουμένοις.
1177 1659 1269 1704 οἶμαι
1282 1664 1346 1703 γὰρ
1359 1661 1496 1699 πάντας
1511 1662 1599 1703 ὑμᾶς

132 1714 262 1757 εἰδέναι,
290 1717 340 1750 ὅτι
365 1718 487 1749 πολλοὶ
508 1716 572 1757 ἤδη
589 1717 705 1748 πολλὰ
721 1719 775 1748 καὶ
803 1717 894 1749 δεινὰ
919 1715 1215 1759 κατηγορήσαντες
1241 1718 1450 1758 παραχρῆμα
1467 1716 1601 1758 ἐξηλέγ-

131 1770 269 1815 χθησαν
281 1772 478 1815 ψευδόμενοι
494 1772 578 1804 οὕτω
596 1775 755 1815 φανερῶς,
768 1773 851 1804 ὥστε
868 1773 952 1815 ὑπὲρ
970 1772 1111 1804 πάντων
1133 1775 1201 1804 τῶν
1219 1771 1478 1815 πεπραγμένων,
1503 1784 1602 1815 μιση-

134 1829 249 1866 θέντες
263 1826 441 1859 ἀπελθεῖν·
468 1824 497 1858 οἱ
522 1824 549 1857 δ’
566 1822 610 1857 αὗ
625 1826 904 1869 μαρτυρήσαντες
932 1827 974 1857 τὰ
999 1825 1119 1867 ψευδῆ,
1145 1827 1199 1857 καὶ
1223 1825 1343 1863 ἀδίκως
1369 1825 1602 1865 ἀπολέσαντες

134 1884 335 1926 ἀνθρώπους
353 1881 520 1919 ἑάλωσαν,
548 1880 652 1919 ἡνίκα
669 1880 766 1913 οὐδὲν
789 1877 833 1920 ἦν
852 1880 968 1913 πλέων
985 1884 1056 1919 τοῖς
1072 1882 1297 1913 πεπονθόσιν.
1315 1880 1363 1913 ὅτ’
1385 1877 1447 1914 οὗν
1464 1884 1602 1914 τοιαῦτα

133 1938 248 1972 πολλὰ
261 1936 452 1980 γεγένηται,
470 1935 514 1973 ὡς
531 1934 593 1977 ἐγὼ
611 1935 735 1975 ἀκούω,
751 1936 837 1973 εἰκὸς
853 1936 951 1979 ὑμᾶς,
967 1935 993 1966 ὦ
1005 1935 1123 1979 ἄνδρες
1139 1935 1301 1975 δικασταὶ,
1315 1936 1418 1979 μήπω
1434 1938 1512 1975 τοὺς
1533 1940 1602 1969 τῶν

137 1993 335 2036 κατηγόρων
357 1991 481 2033 λόγους
498 1990 652 2033 ἡγεῖσθαι
669 1992 821 2028 πιστοὺς,
838 1992 919 2033 πρὶν
941 1989 986 2022 ἀν
1010 1992 1064 2022 καὶ
1089 1991 1184 2033 ἡμεῖς
1205 1990 1361 2033 εἴπωμεν.
1393 1989 1533 2032 Lysias.
1566 2000 1601 2033 p.

135 2047 219 2084 614,
238 2046 293 2078 10.
321 2043 379 2077 ed.
399 2044 444 2077 R.
473 2043 511 2076 Si
528 2053 576 2076 ex
599 2043 694 2076 Foro
710 2043 747 2076 in
778 2043 938 2077 Scenam
955 2047 1128 2086 transeas,
1149 2044 1277 2077 eadem
1299 2054 1393 2088 pene
1412 2055 1531 2078 rerum
1551 2045 1603 2078 fa-

136 2100 222 2141 cies,
242 2101 280 2133 et
297 2097 439 2142 egregia
455 2096 683 2140 ingeniorum
700 2097 845 2141 paritas·
895 2097 1031 2131 Athen.
1053 2098 1076 2132 l.
1095 2100 1126 2130 1.
1142 2109 1178 2141 p.
1197 2109 1244 2132 m.
1265 2101 1320 2132 13.
1372 2101 1528 2133 Παλαιὸν
1541 2102 1603 2143 μὲν

137 2152 247 2197 οἶνον,
264 2155 372 2187 ἄνθεα
389 2151 415 2184 δ’
428 2152 545 2195 ὕμνων
561 2152 732 2196 νεωτέρων
746 2153 915 2197 Πίνδαρος
932 2153 1074 2186 ἐπαινεῖ.
1093 2153 1264 2195 Εὔβουλος
1278 2153 1311 2186 δὲ
1324 2157 1403 2197 φησὶ

415 2214 574 2248 Ἀτοπόν
592 2228 628 2259 γε
646 2216 708 2248 τὸν
718 2217 780 2260 μὲν
797 2212 894 2249 οἶνον
909 2215 1093 2260 εὐδοκιμεῖν
1109 2218 1160 2248 ἀεὶ

418 2271 519 2313 Παρὰ
536 2272 613 2308 ταῖς
629 2269 777 2314 ἑταίραις
794 2272 855 2303 τὸν
872 2272 1035 2310 παλαιὸν,
1052 2269 1160 2314 ἄνδρα
1182 2269 1215 2302 δὲ

419 2325 477 2364 Μὴ
493 2325 554 2356 τὸν
567 2324 729 2365 παλαιὸν,
745 2324 838 2356 ἀλλὰ
853 2327 915 2357 τὸν
932 2325 1105 2367 νεώτερον.

138 2389 177 2421 τὸ
194 2388 276 2421 αὐτὸ
294 2386 326 2419 δὲ
343 2386 397 2419 καὶ
407 2384 545 2424 ’(Αλεξις
562 2385 684 2429 σχεδὸν
696 2386 984 2430 ἀπαραλλάκτως,
998 2389 1057 2419 τοῦ
1068 2386 1224 2431 σφόδρα
1238 2388 1346 2431 μόνου
1362 2387 1511 2432 κειμένου
1526 2388 1605 2421 ἀντὶ

139 2444 197 2475 τοῦ
212 2442 254 2475 ᾰε
267 2444 289 2475 ἱ.
310 2440 415 2475 Idem
434 2439 456 2473 Ι.
474 2442 508 2473 3.
525 2449 561 2483 p.
582 2450 629 2472 m.
647 2441 705 2473 42.
722 2441 929 2484 Ἀντιφάνης
944 2444 1006 2485 μὲν
1024 2442 1060 2474 ὲν
1080 2443 1221 2486 Βοιωτίᾳ

419 2507 448 2536 Α
459 2527 466 2536 .
485 2504 553 2537 Καὶ
570 2504 645 2547 περὶ
663 2505 725 2547 μὲν
741 2504 825 2547 ὄψου
842 2504 872 2548 γ’
889 2506 1026 2545 ἠλίθιον
1042 2505 1082 2537 τὸ
1099 2508 1154 2539 καὶ
1168 2506 1279 2550 λέγειν

413 2557 543 2603 ’Ὠσπερ
560 2561 647 2602 πρὸς
662 2559 873 2599 ἀπλήστους·
900 2560 993 2592 ἀλλὰ
1010 2561 1108 2593 ταύτὶ
1122 2561 1279 2604 λάμβανε

421 2613 574 2657 Πάρθενε
591 2615 634 2646 τὰ
649 2615 757 2657 μῆλα.
777 2618 815 2646 Β.
829 2615 929 2647 Καλά
946 2628 994 2658 γε-
1015 2619 1056 2648 Α.
1076 2617 1176 2648 Καλὰ
1192 2616 1266 2656 δῆτ’
1283 2614 1307 2649 ὦ
1325 2618 1402 2651 θεοί.

421 2670 551 2701 Νεωστὶ
564 2669 628 2712 γὰρ
642 2671 680 2701 τὸ
698 2668 829 2711 σπέρμα
846 2669 936 2702 τοῦτ’
955 2669 1140 2713 ἀφιγμένον

424 2722 481 2760 Εἰς
496 2721 721 2762 τὰςἈ-θὴνας
738 2723 808 2755 ἐστὶ
826 2725 919 2766 παρὰ
934 2726 991 2755 τοῦ
1009 2723 1185 2764 βασιλέως.

324 2598 335 2612 ἲ

423 2783 461 2810 Β.
478 2778 561 2821 Παρ’
579 2778 785 2821 Ἑσπερίδων
799 2778 895 2822 ᾤμην
909 2791 944 2821 γε
959 2781 1003 2818 νὴ
1022 2780 1082 2811 τὸν
1097 2780 1291 2822 Φωσφόρον.

424 2833 533 2864 Φασὶν
550 2834 592 2865 τὰ
606 2835 717 2876 χρυσᾶ
732 2834 828 2876 μῆλα
844 2833 938 2866 ταῦτ’
954 2830 1040 2865 εἶναι
1057 2834 1131 2876 τρία

424 2886 523 2918 Μόν’.
543 2891 583 2920 A.
596 2886 716 2921 ’Ἔστιν
733 2888 850 2931 ὀλίγον
868 2889 905 2920 τὸ
923 2888 1041 2929 καλὸν,
1054 2888 1123 2922 ἔστι
1137 2889 1316 2929 πανταχοῦ

424 2942 490 2973 Καὶ
508 2941 628 2984 τίμιον.
