1839 3229
675 486 1066 543 ΛὙΣΙΟὙ

377 631 618 690 ΚΑΤΑ
679 632 846 682 ΘΕΟ

873 607 1323 681 ΜΝΗΣΤΟΥ

695 776 1030 835 ΠΡΩΤΟΣΛ·

713 1025 1021 1065 ΥΠΟΘΕΣΙΣ.

187 1128 232 1164 1s,
245 1138 299 1167 pro
315 1138 376 1167 quo
398 1127 504 1159 Oratio
519 1128 583 1158 haeo
599 1128 714 1167 scripta
737 1134 796 1164 est,
812 1129 1027 1168 exprobratum
1045 1125 1106 1158 sibi
1120 1125 1196 1158 dicit
1208 1135 1225 1155 a
1235 1124 1454 1163 Theomnesto,
1469 1128 1587 1165 patrem

144 1179 178 1200 se
203 1170 368 1201 occidisse.
412 1172 630 1202 Theomnestus
653 1171 770 1201 dictum
794 1181 852 1201 non
875 1176 976 1211 negat,
1000 1170 1053 1200 sed
1077 1174 1168 1209 negat
1193 1168 1226 1199 id
1242 1169 1280 1199 ad
1304 1166 1475 1209 Κοικηγορίας
1487 1169 1587 1207 legem

143 1212 305 1252 pertinere,
320 1224 387 1252 quae
399 1214 577 1252 prohibebat
591 1214 742 1254 ἀνδροφόνον
757 1215 885 1253 aliquem
901 1214 1066 1253 appellare,
1078 1223 1136 1252 quo
1152 1212 1264 1252 probro
1277 1221 1335 1241 non
1347 1211 1502 1242 affecisset
1517 1221 1586 1241 eum

142 1255 194 1293 qui
209 1257 402 1294 querebatur.

449 1256 547 1292 Quam
562 1258 771 1296 exceptionem
784 1258 920 1287 confutat
934 1257 961 1286 is
977 1256 1027 1296 qui
1043 1256 1117 1296 agit,
1132 1266 1173 1286 ex
1189 1265 1225 1285 eo
1241 1254 1321 1294 quod
1332 1253 1392 1284 etsi
1409 1254 1502 1284 verba
1517 1253 1585 1293 qui-

143 1298 201 1327 bus
215 1298 307 1328 laesus
324 1298 434 1334 fuerat,
448 1309 506 1328 non
521 1304 623 1329 essent
637 1300 668 1329 in
691 1301 758 1338 lege
773 1299 946 1330 nominatim
963 1309 1122 1339 expressa,
1139 1298 1168 1328 in
1180 1308 1216 1328 ea
1227 1301 1326 1327 tamen
1342 1296 1587 1332 continebantur,

142 1344 289 1378 quatenus
312 1342 436 1370 vetabat
451 1341 504 1371 lex
532 1341 682 1382 ἀνδροφόνον
702 1353 870 1382 quenquam
892 1343 1044 1381 appellare
1060 1340 1250 1372 contumeliae
1264 1350 1364 1370 causa.

1408 1339 1470 1378 Qui
1485 1344 1586 1369 autem

0 1406 43 1437 ag·
141 1383 269 1432 aliquem
285 1383 361 1413 dicit
376 1389 491 1423 patrem
505 1395 590 1414 suum
607 1385 773 1422 occidisse,
797 1396 866 1415 eum
881 1385 1028 1427 ἀνδροφόνον
1041 1385 1128 1421 dicit,
1149 1389 1179 1414 et
1194 1384 1264 1423 plus
1279 1393 1366 1423 quam
1381 1381 1543 1422 ἀνδροφόνον.

0 1440 16 1469 Ι.
185 1426 295 1456 Des1d.
312 1426 442 1456 Herald.
456 1427 671 1460 Animadvers.
687 1428 718 1458 in
734 1429 860 1460 Salmas.
877 1430 1042 1459 Observat.
1058 1429 1096 1458 acl
1110 1429 1168 1459 Jus
1183 1427 1279 1457 Attio.
1295 1431 1326 1456 et
1342 1426 1434 1456 Rom.
1447 1426 1495 1456 11.
1513 1426 1564 1456 13.

0 1482 122 1523 .Steph.
1396 1515 1421 1527 Ν
1467 1513 1493 1535 ‘³⁴
1521 1511 1544 1533 ³!

1456 1539 1488 1567 ω
1507 1538 1587 1566 αν-

0 1529 55 1564 16.
72 1531 121 1565 15
140 1513 200 1567 α’.
221 1525 595 1570 ΜΑΡΤΥΡΩΝ
614 1515 692 1588 μὲν
707 1518 784 1570 οὐκ
803 1516 994 1593 οἷπορῖοιν
1009 1542 1083 1588 μοι
1099 1515 1291 1569 ’ἑο-εσθαι
1309 1513 1439 1578 δοκω,

138 1587 226 1665 ὃρες
251 1587 484 1642 δικασταί·
514 1591 720 1651 πολλοὺς
735 1590 826 1661 ’γοέρ
851 1593 966 1663 ὑμῶν

138 1704 158 1722 *
173 1709 273 1733 ΚΑΤΑ
286 1703 553 1743 ΘΕΟΜΝΗΣΤΟΥ]
569 1705 645 1734 Cum
657 1705 846 1741 historiatas,

137 1747 348 1786 hujuscemodi
364 1746 508 1781 maxime,
522 1752 608 1776 curta
621 1749 728 1778 deceat
743 1748 843 1778 brevi-

137 1794 197 1826 tas,
214 1789 310 1824 nolui,
326 1799 393 1828 quae
409 1793 520 1827 praeter
539 1788 725 1820 Heraldiana
740 1792 844 1821 obser-

137 1832 203 1862 vari
215 1832 365 1867 volebam,
375 1835 548 1871 argumento
558 1833 664 1867 attexi,
674 1843 778 1863 verum
795 1835 844 1863 hic

134 1880 197 1913 post
214 1875 366 1914 principia
386 1873 533 1904 latitantia
558 1873 657 1903 minus
679 1882 844 1915 occupatos

138 1918 328 1947 solummodo
347 1916 471 1947 morari.
515 1917 625 1947 Ablata
642 1922 706 1947 erat
725 1918 844 1949 civibus

137 1960 252 1990 Atticis
271 1970 328 1990 non
346 1970 406 1989 una
425 1959 489 1989 sola
507 1960 576 1999 lege
597 1960 788 1991 conviciandi
806 1962 842 1991 li-

138 2002 249 2033 centia.
294 2005 375 2033 Nam
395 2006 425 2032 1.
449 2013 511 2035 QUI
535 2013 684 2035 ALIQUID
710 2013 747 2034 IN
770 2015 844 2034 Am-

139 2056 238 2078 Quz-:M
267 2055 504 2076 CONTUMELIAE
540 2056 649 2076 CAUSA
686 2056 844 2083 mmmm,

139 2086 185 2118 ἐὰν
195 2089 236 2126 μὴ
251 2087 401 2130 ἀποφαίνῃ,
413 2088 449 2121 ὣς
461 2087 539 2118 ἔστιν
550 2088 645 2119 ἀληθῆ
654 2090 694 2118 τὰ
705 2089 844 2129 εἰρημένοι,

139 2133 175 2159 ut
189 2130 266 2160 dicit
281 2136 383 2160 noster
397 2131 427 2160 in
441 2132 498 2160 hac
514 2132 662 2166 oratione,
678 2132 745 2169 lege
761 2136 844 2162 tene-

139 2172 238 2202 batur.
283 2173 342 2202 Οὔκ
362 2172 454 2209 οἶσθα,
470 2172 513 2202 δ’τι
530 2172 693 2212 κακηγοξίας
710 2173 816 2204 δίδωσιν
831 2175 843 2204 ὁ

141 2213 222 2255 νόμος
244 2213 416 2254 maixime-Sat
443 2217 551 2253 τοῦτον,
569 2215 596 2250 ὃς
624 2216 656 2246 ἂν
682 2215 846 2258 ἕλοισφημῇ

139 2259 215 2292 τινὶ,
230 2258 278 2287 οὒκ
289 2256 361 2299 ’έχων
373 2258 518 2297 ἀποδεῖξαι
532 2258 600 2299 ’περὶ
611 2257 647 2289 {iv
659 2258 736 2297 λέγει
752 2259 846 2298 σαφὲς

141 2298 233 2338 otwin
263 2302 323 2330 Dio
352 2301 562 2340 Chrysostom.
594 2303 678 2333 Orat.
713 2303 759 2333 15.
804 2303 845 2332 Et

139 2343 212 2373 Solo
228 2342 349 2381 quidem
365 2345 441 2373 hanc
457 2344 658 2374 maledicendi
673 2344 843 2375 libertatem

140 2396 158 2415 a
173 2385 250 2415 locis
263 2387 454 2416 solummodo
470 2387 576 2423 sacris,
587 2392 617 2417 et
632 2387 762 2427 publicis
773 2398 844 2417 con-

139 2428 276 2459 sessibus
288 2430 431 2466 removit,
443 2430 709 2470 drachmarumque
719 2431 847 2470 quinque

140 2469 245 2511 ζημίαν
267 2472 436 2507 constituit,
457 2483 581 2512 quarum
606 2479 668 2503 tres
691 2473 845 2503 solvendae

141 2519 228 2544 erant
242 2515 282 2553 ei,
297 2515 346 2544 cui
368 2515 477 2554 injuria
494 2517 571 2546 facta
591 2527 659 2546 esse
674 2516 844 2552 dicebatur,

84 2574 87 2576 -
139 2554 183 2595 τῷ
209 2556 321 2599 ἰδιώτης
351 2559 418 2588 duae
435 2559 552 2589 saerario
579 2559 723 2598 publico:
756 2559 845 2589 Plato

143 2608 217 2628 vero
233 2600 263 2629 in
280 2611 343 2631 suae
359 2600 520 2642 νομοθεσίας
535 2602 557 2631 l.
575 2606 624 2632 11.
640 2612 699 2631 non
715 2602 811 2631 solum
829 2612 846 2632 a

144 2641 265 2680 templis
292 2648 322 2673 et
344 2643 375 2673 in
394 2646 463 2684 jure
485 2645 630 2680 dicundo,
655 2646 708 2675 sed
733 2645 845 2684 ubique

147 2684 244 2714 arceri
271 2686 377 2723 voluit,
394 2697 574 2727 poenamque
599 2687 724 2718 arbitrio
747 2687 844 2726 magi-

147 2728 259 2775 stratus
277 2728 411 2768 reliquit.
456 2730 555 2767 Quem
580 2731 677 2761 secuti
697 2736 766 2761 sunt
782 2732 844 2760 sto-

147 2776 236 2816 rna-ni.
265 2770 392 2810 Papian.
408 2773 431 2802 l.
448 2774 637 2812 Responsor.
657 2774 704 2803 tit.
717 2773 748 2804 5.
776 2778 796 2792 “
811 2773 844 2803 Si

149 2818 218 2857 q-uis
228 2812 310 2840 —in
326 2815 462 2844 convicia
477 2817 591 2846 atrocia
604 2816 681 2846 forte
698 2826 845 2855 prorupe-

149 2856 202 2886 rit,
221 2854 332 2901 solutio
355 2858 403 2886 vel
425 2857 562 2889 vindicta
580 2869 636 2898 pro
654 2859 728 2888 sacti
747 2859 845 2898 ipsius

150 2896 292 2933 qualitate
303 2896 331 2926 in
344 2897 458 2938 judicis
469 2901 594 2932 arbitrio
608 2906 639 2931 et
648 2901 846 2932 aestimatione

153 2938 327 2968 consistat-'³
350 2942 389 2970 At
404 2948 485 2972 erant
501 2947 530 2974 2.
548 2945 683 2983 quaedam
698 2944 846 2983 gravioris

1000 1592 1011 1607 t

991 1593 1068 1667 Οξῶ

879 1709 969 1742 notae,
992 1704 1135 1745 δεινότεροιι
1160 1704 1301 1743 quaedam
1325 1700 1530 1737 contumeliae,
1553 1701 1587 1732 in

879 1759 954 1787 quas
969 1747 1177 1778 vehementius
1196 1746 1377 1783 insurgebat
1395 1745 1445 1775 lex
1461 1744 1586 1784 antiqua

878 1796 910 1821 et
932 1792 969 1820 ab
992 1791 1072 1820 omni
1096 1800 1147 1820 ore
1169 1788 1316 1823 excussit,
1333 1798 1392 1817 non
1415 1786 1476 1817 nisi
1498 1789 1585 1827 quin·

875 1836 972 1873 gentis
984 1832 1131 1863 drachmis
1146 1831 1350 1861 redimendas.
1395 1829 1587 1868 Hujusmodi

872 1875 1116 1915 jurisprudentia
1129 1875 1233 1905 Attica
1248 1871 1416 1903 nominavit
1430 1871 1587 1913 ἀπόρῥητά,

876 1918 1045 1959 Κακηγορίοις
1060 1929 1103 1948 sc.
1126 1917 1196 1955 lege
1216 1915 1391 1954 designatas
1406 1920 1437 1945 et
1452 1915 1586 1945 nomina-

878 1961 933 1990 tim
942 1960 1131 1991 interdictas.
1155 1959 1310 1988 Isocrates
1320 1968 1347 1987 c.
1358 1957 1477 1987 Lochit.
1494 1956 1587 1997 Νόμος

875 2003 981 2033 κελεύει
993 2003 1057 2036 τοὺς
1070 2001 1204 2039 λέγοντάς
1218 2012 1249 2030 τι
1264 2001 1319 2030 τῶν
1333 1999 1498 2040 ἀπορρήτων
1512 2010 1585 2031 ωεν-

876 2045 1015 2079 τακοσίοις
1025 2045 1160 2086 δραχμὰς
1170 2041 1295 2083 ὀφείλειν.
1340 2044 1459 2082 Utpote
1475 2042 1501 2072 si
1516 2043 1586 2082 quis

876 2088 1026 2129 ἀνδροφόνον
1040 2087 1212 2128 quempiam
1222 2085 1435 2126 appellaverit.
1459 2086 1586 2116 Noster:

877 2129 947 2172 Ἐρεῖ
960 2130 1024 2169 πρὸς
1038 2131 1115 2170 ὑμᾶς
1127 2147 1169 2153 —
1179 2130 1214 2163 ὥς
1225 2130 1272 2159 οὐκ
1288 2128 1353 2159 ’ἐστι
1366 2130 1422 2158 τῶν
1437 2128 1565 2169 ἀπορῥῆ
1575 2146 1587 2152 -

876 2185 922 2203 τοο
930 2185 952 2209 ν,
965 2173 1010 2203 ἐάν
1023 2184 1068 2207 τις
1079 2172 1141 2213 εἴπῃ
1156 2171 1203 2202 τὸν
1214 2170 1327 2212 ποια-ἐρα
1336 2170 1526 2202 ἀπεκτονέναι·
1540 2170 1588 2202 τᾶν

876 2219 929 2257 γὰρ
935 2216 1014 2255 νόμον
1022 2217 1050 2247 οὗ
1060 2215 1147 2245 ταῦτ’
1156 2214 1345 2255 ἀπαγορεύειν,
1355 2211 1448 2243 ἀλλ’ἰι
1456 2213 1522 2253 νδςο
1531 2212 1586 2253 φό-

877 2270 925 2289 νον
944 2259 1004 2289 οὐκ
1025 2258 1081 2299 ἐᾷν
1100 2257 1229 2295 λέγειν.
1273 2256 1488 2292 Inscitissime,
1504 2261 1538 2286 ut
1553 2256 1587 2286 id

877 2301 976 2332 obiter
989 2306 1102 2337 notem,
1118 2302 1235 2331 Meurs.
1249 2300 1354 2330 Them.
1374 2299 1468 2330 Attio.
1483 2299 1511 2328 Ι.
1529 2301 1583 2331 15.

879 2345 934 2374 hac
944 2344 1160 2374 constitutione
1168 2342 1329 2372 homicidis
1339 2343 1450 2383 linguae
1460 2351 1585 2372 usuram

879 2388 1052 2426 ademptam
1074 2396 1144 2416 esse
1167 2385 1275 2421 voluit,
1298 2385 1345 2415 οὐκ
1365 2383 1413 2425 ἐᾷν
1432 2383 1585 2425 ἀνδροφόνον

879 2428 1007 2468 λέγειν.
1029 2428 1242 2459 OThemidem
1254 2428 1396 2458 Atticam!
1420 2427 1585 2466 Cuiquam-

878 2483 915 2502 ne
931 2477 1046 2502 tantum
1063 2472 1103 2502 de
1124 2476 1154 2501 te
1169 2470 1310 2501 licuisse!
1346 2471 1387 2501 Et
1402 2477 1486 2500 recte
1504 2470 1584 2501 inter

877 2514 1186 2556 ἀπόῤῥηταὶὶοωίοἰᾶεε
1194 2513 1358 2554 appellatio
1367 2513 1506 2545 refertur.
1513 2523 1584 2544 cum

877 2559 915 2588 ad
928 2568 993 2588 eam
1009 2557 1155 2588 sermonis
1167 2556 1356 2587 atrocitatem
1369 2566 1518 2594 nunquam
1530 2556 1583 2584 de-

878 2601 963 2630 venit
974 2601 1219 2640 jmisprudentia
1233 2600 1306 2638 ipsa,
1321 2599 1381 2629 nisi
1396 2599 1426 2628 in
1440 2599 1478 2628 iis
1495 2598 1583 2634 solis,

878 2643 929 2682 qui
946 2643 1102 2678 ἑαλωκότες
1113 2649 1144 2673 et
1156 2641 1311 2682 δεδογμένοι
1324 2640 1471 2681 ἀνδροφόνοι
1486 2644 1582 2671 erant.

878 2687 1039 2716 Demosth.
1056 2687 1128 2717 adv.
1145 2686 1329 2717 Aristocrat.
1373 2685 1443 2717 Τοὺς
1456 2683 1478 2712 δ’
1492 2683 1582 2723 ἀνδρο-

877 2729 970 2768 φόνους
985 2728 1083 2768 ἐξεῖνοιι
1101 2727 1269 2759 ἀποκτείνειν
1282 2726 1309 2758 ἐν
1322 2726 1360 2769 τῇ
1373 2725 1520 2766 ἡμεδαπῇ,
1533 2723 1583 2754 καὶ

876 2772 1009 2811 ἀπάγειν,
1024 2774 1059 2806 ὡς
1070 2771 1096 2803 ἐν
1109 2772 1153 2812 τῷ
1162 2772 1235 2811 ἄξονι
1250 2771 1381 2811 ἀγορεύει·
1394 2766 1582 2806 λυμαίνεσθαι

878 2813 906 2844 δὲ
917 2817 971 2854 μὴ,
989 2814 1062 2855 μηδὲ
1078 2814 1202 2854 ἀποινξίν,
1218 2813 1232 2844 ἠ
1250 2814 1363 2844 διπλοῦν
1381 2810 1505 2851 ὀφείλειν.
1520 2808 1582 2839 ἴσον

878 2856 910 2887 ἂν
923 2857 1106 2895 καταβλάψη
1120 2869 1149 2888 κ.
1164 2869 1195 2886 τ.
1213 2864 1242 2886 λ.
1286 2854 1439 2885 Ἠκούσατε
1453 2851 1508 2891 μὲν
1529 2852 1581 2881 τοῦ

878 2900 971 2941 νόμου·
990 2891 1141 2938 anitiae-95
1163 2899 1202 2934 δὲ,
1226 2898 1249 2927 οἳ
1267 2897 1354 2938 ἄνδρες
1369 2893 1515 2931 Ἀθηναῖοι,
1531 2894 1581 2923 καὶ

880 2943 1044 2984 Θεωρῆσατε,
1071 2945 1106 2976 ὡς
1135 2943 1227 2973 καλῶς
1253 2940 1300 2970 καὶ
1331 2937 1437 2979 σφόδρα.
1465 2935 1581 2970 ebo-effla

1616 1390 1692 1429 Pag.

1646 1433 1697 1462 ed.

1605 1474 1712 1505 Reisk.

1604 1521 1684 1556 339

1087 1588 1351 1663 δικάζοντας
1369 1589 1455 1642 τίιῖν
1479 1586 1584 1642 τότε
1603 1601 1682 1638 342
