1819 3219
656 179 845 221 LYSIAE
876 179 1034 219 VITA.
1509 177 1562 217 49

121 286 269 330 diebus,
287 285 353 323 ubi
372 291 612 335 compertum
629 290 688 323 est
699 284 915 323 Eleusinios
934 282 1194 334 Tyrannidem
1212 295 1438 331 recuperare
1454 281 1564 327 velle,

121 353 238 396 atque
256 346 305 384 ad
325 358 409 385 eam
428 358 505 383 rem
527 344 810 384 conficiendam
830 351 1031 384 externum
1059 343 1217 381 militem
1236 343 1401 392 praemiis
1421 349 1460 380 et
1480 342 1565 392 pol-

91 413 93 417 '
121 406 400 446 licitationibus
427 407 648 454 sollicitare,
670 407 915 459 indignantes
945 420 984 445 se
1007 407 1089 457 jam
1110 405 1149 443 in
1168 404 1341 442 exsilium
1363 404 1470 453 quasi
1492 404 1566 454 agi,

121 474 280 520 repente
311 469 349 506 in
380 482 446 508 eos
478 469 652 519 undique
679 468 724 507 fit
750 482 975 514 concursus,
999 468 1244 518 ducibusque
1263 466 1311 503 ad
1331 467 1567 516 colloquium

119 531 332 581 progressis
351 538 390 569 et
409 544 477 581 per
497 531 650 569 insidias
668 532 969 582 comprehensis,
986 530 1040 568 ibi
1058 530 1108 568 de
1128 531 1172 567 iis
1191 528 1421 567 consulitur.
1478 528 1568 572 Quo

119 597 291 643 tempore
312 592 449 643 Lysias
478 600 517 631 et
545 592 766 631 domesticis
790 592 1000 631 inimicitiis
1021 599 1061 631 et
1080 591 1271 630 communi
1301 588 1565 639 indignatione

119 667 305 693 accensus
336 655 676 694 luculentissimam
714 655 818 693 illam
855 653 1069 692 orationem
1101 657 1237 691 contra
1268 650 1564 690 Eratosthenem

120 716 362 754 XXXvirum
380 719 485 767 (pag.
513 716 614 755 Edit.
637 716 776 767 Steph.
798 719 905 763 120.)
934 714 1085 759 habuit,
1120 726 1235 764 quam
1268 711 1499 750 Plutarchus
1529 710 1568 747 in

120 778 219 816 libro
238 778 299 816 De
325 778 461 816 Gloria
481 778 790 826 Atheniensium,
810 782 904 816 κατά
922 782 996 816 τῶν
1015 777 1210 828 τριάκοντα
1230 774 1435 813 inscribere
1464 773 1568 810 vide-

119 844 194 876 tur.

252 838 450 878 Interfecti
472 845 558 877 sunt
578 839 752 890 Tyranni
780 839 940 890 publico
970 838 1146 884 consilio,
1175 843 1416 886 ceterosque,
1445 833 1571 872 missis

119 899 254 937 amicis
274 912 317 937 ac
339 901 577 946 necessariis,
598 907 639 938 ut
661 901 698 938 in
719 902 882 951 gratiam
903 900 1028 939 redire
1049 901 1201 944 vellent,
1222 898 1497 950 perduxerunt.

124 987 127 991 -
173 961 271 998 Eum
291 962 434 1000 exitum
455 962 592 1000 habuit
613 961 752 1000 seditio
778 962 1085 1007 Atheniensium,
1116 962 1214 1000 intra
1242 961 1438 999 biennium
1456 964 1494 997 et
1515 960 1571 995 in-

120 1031 250 1075 coepta
275 1031 315 1062 et
335 1024 589 1074 composita*
646 1023 823 1062 Plurimis
852 1024 891 1061 id
922 1023 1071 1062 facinus
1089 1023 1323 1074 Thrasybuli
1344 1021 1459 1060 saluti
1485 1019 1570 1066 fnit,

121 1113 217 1142 neque
229 1103 306 1133 enim
322 1102 443 1132 xviros
459 1101 488 1132 in
503 1102 586 1138 urbe,
600 1111 702 1131 verum
714 1101 829 1131 Xviros

120 1146 150 1175 in
175 1146 293 1176 Piraeeo
323 1145 410 1184 pacis
442 1145 589 1175 beneficio
617 1145 826 1174 excluserunt.

121 1189 247 1228 Duplex
269 1189 328 1219 iste
351 1187 504 1218 Xviratus
521 1187 707 1218 Auctoribus
723 1192 754 1217 et
777 1198 827 1217 an-

121 1231 214 1270 tiquis
231 1237 262 1262 et
276 1230 432 1265 hodiernis
445 1230 582 1270 plurimis
593 1231 729 1260 fraudem
742 1230 825 1260 feeit.

122 1274 201 1304 Plat.
218 1275 318 1314 Epist.
334 1276 367 1303 7.
392 1278 539 1304 memorat
565 1274 618 1304 LI.
636 1273 687 1312 qui
711 1284 766 1312 per
791 1285 827 1304 ea

119 1323 258 1356 tempora
294 1317 526 1357 Rempublicam
563 1317 743 1352 tractabant,
780 1328 826 1347 sc.

122 1359 274 1391 leiros
266 1371 297 1390 ln
309 1360 393 1396 urbe,
406 1361 452 1389 X.
467 1359 499 1389 in
510 1359 641 1394 Piraeeo,
660 1364 691 1389 et
707 1360 826 1390 XXX.

118 1403 262 1443 denique,
277 1413 372 1442 penes
387 1407 458 1442 post
470 1413 548 1442 quos
565 1412 681 1433 summa
696 1408 761 1432 erat
777 1414 827 1433 au-

117 1446 254 1476 ctoritas.
277 1446 390 1481 καὶτῆς
411 1444 577 1486 μεταξολῆς
595 1442 632 1480 εἷς
655 1445 704 1475 καὶ
727 1447 828 1476 πεντη-

117 1499 200 1518 κοντα
211 1488 283 1522 τινὲς
294 1488 382 1528 ἄνδρες
395 1487 574 1541 πςοέστησαν
584 1488 726 1529 ἄρχοντες·
735 1487 829 1520 ἕνδεκα

118 1531 174 1571 μὲν
188 1530 215 1561 ἐν
229 1531 325 1567 ἄστει,
340 1530 407 1561 δέκα
424 1529 447 1560 δ’
461 1529 487 1560 ἐν
501 1533 671 1570 Πειραιεῖ-
680 1531 829 1571 τριάκοντα

118 1574 147 1605 δὲ
160 1574 273 1605 πάντων
281 1574 414 1615 ἄρχοντες
424 1571 610 1604 κατέστησαν
620 1574 828 1614 αὐτοκςάτορες.

120 1617 177 1646 Ille
193 1622 293 1647 autem
304 1617 475 1647 leiratus
491 1627 552 1646 non
564 1620 629 1645 erat
645 1627 756 1646 novum
772 1617 828 1647 im-

121 1659 249 1698 perium,
268 1660 321 1689 sed
337 1659 501 1698 collegium
522 1659 687 1693 motorum,
711 1659 762 1697 qui
779 1660 828 1689 vel

120 1702 227 1733 XXX
243 1702 292 1732 vel
314 1702 484 1732 Xvirorum
501 1701 587 1739 jussa
607 1703 827 1740 capessebant:

121 1746 159 1775 Id
175 1745 255 1784 quod
268 1755 308 1775 ex
324 1745 473 1782 Xenoph.
489 1743 645 1774 Hellenic.
659 1745 829 1784 ceterisque

119 1788 226 1827 liquet.
272 1788 321 1817 Ad
343 1788 398 1817 hos
421 1787 513 1826 igitur
539 1786 712 1826 pertinebat
729 1788 829 1827 jusju-

120 1831 262 1860 randum:
285 1830 325 1860 Οὐ
345 1829 551 1870 μνησικακήσω
567 1831 622 1859 τῶν
640 1832 763 1860 πολιτῶν
785 1830 827 1860 οὖ-

121 1874 185 1909 δενῖ,
198 1875 270 1905 πλὴν
283 1875 338 1903 τῶν
352 1873 511 1914 τριάκοντα,
525 1872 574 1902 καὶ
594 1884 614 1902 τ
623 1873 643 1902 ῶ
652 1884 664 1902 ν
685 1871 699 1902 ἕ
706 1873 761 1903 νδε
771 1884 789 1902 κ
798 1886 826 1903 α.

120 1917 239 1947 Praeter
253 1916 310 1946 hos
324 1917 378 1947 LI.
389 1926 406 1946 a
418 1916 546 1946 Platone
559 1921 742 1946 memoratos
757 1927 827 1946 con·

124 1960 320 1996 stituebatur,
336 1964 370 1990 ut
384 1959 527 1995 vidimus,
543 1959 696 1989 Xviratus
711 1959 829 1999 Reipu-

120 2003 209 2033 blicae
230 2002 418 2038 ordinandae,
439 2007 508 2041 post
529 2001 690 2032 inclinatos
713 2002 829 2033 animos

120 2045 362 2081 Atheniensium,
384 2055 508 2084 remque
523 2056 540 2075 a
554 2045 746 2083 Thrasybulo
768 2046 828 2076 for-

121 2089 194 2119 titer
209 2092 337 2127 gestam,
355 2099 431 2127 quos
453 2090 532 2118 male
552 2089 658 2127 Nepos
679 2088 831 2119 intellexit

120 2142 186 2162 esse
202 2131 322 2162 Xviros
345 2142 362 2161 a
382 2131 500 2162 foedere
521 2131 677 2168 exclusos,
699 2131 829 2171 ideoque

123 2174 169 2205 X.
182 2173 214 2204 in
229 2176 304 2204 urbe
320 2179 351 2204 et
366 2174 410 2204 X.
426 2174 457 2203 in
475 2174 606 2209 Piraeeo,
616 2180 648 2204 ut
659 2174 736 2211 dixi,
746 2175 829 2205 nullo

123 2216 254 2247 consilio
268 2216 444 2247 immiscuit.
477 2217 556 2247 Haec
570 2217 636 2247 vidi
651 2227 720 2247 esse
733 2218 829 2249 fusius

123 2260 315 2300 exponenda,
330 2270 398 2290 cum
418 2270 522 2290 eorum
545 2264 714 2299 temporum
732 2261 830 2291 histo·

120 2303 197 2333 riam
206 2303 284 2333 male
293 2302 397 2342 excipi
407 2302 439 2332 in
446 2302 831 2343 monumentis‚praesertim

121 2351 182 2376 tam
195 2345 298 2381 claris,
312 2355 497 2385 magnopere
512 2350 576 2375 erat
588 2345 762 2377 dolendum.

166 2390 184 2408 ³*
207 2389 240 2419 Si
262 2389 352 2419 fidem
375 2389 538 2419 habeamus
559 2388 698 2419 Diodoro
717 2394 749 2419 et
769 2390 830 2420 Eu-

122 2432 218 2468 sebio,
232 2442 289 2471 per
301 2436 399 2462 totum
412 2431 653 2468 Quadriennium
668 2433 832 2472 permansit

122 2485 235 2505 novum
247 2475 305 2505 hoc
320 2474 493 2513 imperium,
510 2485 552 2505 so.
565 2474 690 2514 Olymp.
709 2476 831 2512 xciv,

123 2521 152 2548 1.
169 2522 320 2553 exortum,
335 2517 457 2553 XCIV,
468 2519 499 2548 4.
514 2517 707 2557 depositum:
726 2529 831 2548 verum

123 2560 215 2590 istius
233 2561 357 2599 Olymp.
376 2570 451 2590 anno
468 2562 497 2591 2.
515 2561 684 2592 Praeturam
706 2562 831 2600 gerebat

122 2603 281 2639 Euclides,
295 2605 354 2633 sub
367 2613 426 2641 quo
436 2613 485 2633 res
501 2603 530 2633 in
541 2604 673 2634 solidum
689 2604 830 2634 restitue-

121 2646 244 2681 bantur,
266 2650 300 2676 nt
319 2656 424 2677 omues
446 2645 509 2676 fere
531 2657 590 2677 uno
605 2657 657 2676 ore
679 2651 830 2677 testantur

121 2699 159 2718 ex
174 2688 326 2728 Antiquis.
372 2689 456 2718 Hinc
470 2689 602 2720 dicitur.
623 2688 759 2730 Ἀναρχία
781 2689 830 2731 πρό

122 2729 276 2767 Εὐκλείδου,
296 2730 398 2772 Νόμοις
415 2730 539 2774 χρησθαι
553 2731 608 2763 ἀπ’
624 2732 799 2763 lamusteo*
782 2744 829 2772 αξ-

120 2784 230 2814 χοντος,
253 2778 313 2804 etc.
337 2780 396 2804 etc.
440 2775 471 2804 Si
500 2780 664 2814 quaeratur,
688 2776 831 2815 quamdiu

123 2817 245 2846 duravit
265 2817 432 2847 dominatio
448 2818 675 2853 XXXviralis,
696 2819 749 2848 tali
771 2819 831 2849 for-

123 2862 204 2888 tasse
218 2864 360 2898 computo
375 2859 517 2890 elicietur
532 2871 724 2901 responsum.
755 2861 830 2891 Cum

121 2901 320 2939 Pythodorus
370 2906 533 2942 praeturam
578 2909 643 2934 erat
688 2904 831 2939 initurus,

123 2943 247 2982 Olymp.
267 2944 387 2980 XCIV,
404 2949 434 2975 1.
458 2946 540 2976 circa
561 2947 724 2977 solstitium
750 2947 832 2977 aesti-

125 2996 195 3016 vum
217 2986 294 3027 (qno
320 2990 457 3027 tempore
481 2998 575 3019 annus
595 2990 717 3021 Atticus
740 2990 831 3020 incoe-

864 1101 994 1141 ptabat),
1026 1111 1127 1131 rerum
1162 1101 1253 1140 potiti
1291 1106 1359 1131 sunt
1387 1098 1572 1133 XXXviri,

861 1144 993 1184 ideoque
1016 1155 1111 1175 annus
1127 1145 1185 1175 iste
1205 1145 1423 1184 indignabatur
1437 1143 1569 1183 ἀναρχία,

862 1193 895 1218 ut
925 1188 996 1218 olim
1024 1188 1167 1218 vidimus.
1211 1189 1290 1218 Nam
1317 1186 1487 1227 Lysander,
1516 1185 1569 1224 qui

861 1231 951 1261 istum
972 1231 1223 1261 ·XXXviratnm
1253 1230 1427 1270 imperavit,
1463 1229 1570 1258 urbem

861 1275 946 1314 cepit
979 1285 1055 1304 anno
1086 1274 1242 1313 superiore
1272 1278 1417 1309 exeunte,
1447 1270 1571 1301 circiter

861 1316 981 1348 initium
996 1318 1129 1357 Aprilis:
1162 1317 1318 1348 Plutarch.
1344 1317 1373 1346 in
1394 1315 1570 1355 Lysandro.

858 1359 963 1394 ’Ἑλαβε
978 1361 1032 1395 τάς
1048 1371 1080 1391 τε
1093 1371 1203 1393 ναυς-
1214 1360 1264 1389 καὶ
1276 1361 1316 1390 τὰ,
1328 1358 1410 1401 τείχη
1426 1360 1480 1387 τῶν
1491 1355 1575 1386 Ἀθη-

861 1402 937 1433 ναίων
965 1403 1033 1446 ἕκτῃ
1057 1403 1104 1434 ἐπι
1127 1403 1230 1434 δεκάτη
1259 1402 1397 1445 (corrige
1427 1400 1495 1442 ἕκτῃ
1524 1398 1573 1429 ἔπι

862 1445 929 1476 δέκα
953 1448 1020 1486 του)
1045 1449 1229 1489 Μουνυχιῶνος
1249 1446 1342 1486 μηνός.
1387 1434 1572 1483 Inseqhente

861 1490 970 1530 hyeme
985 1490 1194 1530 Thrasybulus
1210 1490 1328 1529 Phylen
1351 1488 1508 1518 castellum
1524 1496 1573 1515 re-

861 1533 947 1570 cepit
972 1538 1003 1563 et
1028 1543 1097 1563 cum
1125 1533 1275 1573 Tyrannis
1299 1531 1475 1571 Munychias
1500 1538 1573 1559 con-

862 1574 953 1605 flixit.
1009 1576 1085 1614 Ejus
1116 1577 1160 1606 rei
1190 1577 1279 1606 fidem
1310 1575 1382 1606 facit
1418 1573 1572 1611 Xenopho

863 1617 986 1647 Hellen.
1001 1618 1023 1647 l.
1039 1622 1069 1649 52.
1115 1619 1175 1647 Vix
1198 1620 1277 1648 enim
1302 1619 1339 1648 ad
1363 1617 1477 1657 Phylen
1500 1625 1571 1645 con-

863 1659 999 1690 siderant
1022 1661 1159 1696 exsules,
1173 1671 1240 1690 eum
1260 1661 1394 1700 impetus
1413 1659 1444 1689 in
1461 1669 1514 1688 cos
1540 1658 1573 1687 fit

864 1713 903 1731 ex
918 1707 1003 1741 parte
1020 1703 1272 1738 XXXvirorum,
1287 1713 1348 1742 quo
1363 1707 1501 1741 tempore
1515 1711 1571 1730 una

864 1751 953 1776 nocte
968 1746 1019 1775 nix
1035 1747 1074 1776 de
1088 1746 1164 1776 caelo
1185 1746 1301 1776 cecidit
1320 1746 1460 1783 plurima.
1506 1749 1571 1773 Βου-

863 1788 982 1827 λομένων
1009 1788 1037 1818 δὲ
1060 1791 1114 1818 τῶν
1129 1790 1151 1818 Ᾰ
1167 1786 1366 1829 ἀποτειχίζειν
1381 1805 1422 1811 -·-
1435 1785 1572 1825 ἐπιγίγνε-

862 1842 912 1860 ται
929 1833 980 1865 τῆς
993 1830 1087 1866 νυκτὸς
1101 1833 1171 1873 χιὼν
1186 1831 1384 1871 παμπλήθης.
1428 1829 1576 1869 Xenoph.

864 1874 1020 1905 Hellenie.
1068 1876 1163 1904 Porro
1193 1876 1268 1904 hanc
1298 1874 1392 1904 fuisse
1420 1875 1573 1912 hyemem,

863 1927 929 1956 quae
963 1917 1102 1956 proxime
1139 1922 1247 1947 secuta
1283 1921 1331 1946 est
1356 1915 1574 1956 Tyrannidem,

862 1959 1008 1990 discimus
1027 1970 1067 1990 ex
1087 1961 1204 1991 eodem.
1220 1959 1392 1990 Cleocritus
1407 1959 1486 1989 enim
1506 1963 1575 1998 post

863 2013 994 2043 pugnam
1020 2003 1151 2033 feliciter
1173 2015 1190 2033 a
1215 2003 1410 2042 Thrasybulo
1432 2001 1574 2032 commis-

863 2056 938 2082 sam,
958 2046 1010 2076 uhi
1026 2047 1238 2077 adhortaretur
1252 2046 1423 2086 oppidanos
1445 2046 1485 2075 ad
1500 2054 1575 2074 con-

863 2089 1011 2125 cordiam,
1030 2091 1068 2120 de
1085 2089 1282 2120 XXXvirali
1304 2089 1460 2119 dominatu
1486 2087 1574 2127 quasi

863 2143 942 2162 novo
958 2138 990 2162 et
1005 2143 1064 2162 non
1082 2133 1162 2163 ultra
1177 2133 1270 2163 VIII.
1287 2132 1435 2162 mensium
1450 2135 1571 2160 aetatem

864 2176 956 2205 verba
979 2176 1067 2205 facit:
1090 2173 1117 2205 οἳ
1141 2174 1210 2205 ἰδίων
1233 2175 1344 2215 κέςδεων
1372 2173 1450 2205 ἕνεκα
1479 2172 1573 2210 ὀλίγου

863 2218 916 2248 δεῖν
937 2216 1049 2253 πλείους
1069 2217 1254 2249 ἀπεκτόνασιν
1274 2216 1426 2248 Ἀθηναίων
1451 2216 1476 2247 ἐν
1497 2216 1573 2246 ὅκτω

863 2261 952 2300 μησὶν
973 2262 987 2292 ἢ
1010 2263 1116 2295 πάντες
1129 2261 1336 2292 Πελοποννήσιοι
1356 2259 1424 2291 δέκα
1448 2259 1497 2291 ἐ’τη
1521 2270 1573 2290 πο-

865 2306 1025 2343 λεμοῦντες.
1070 2306 1121 2334 Ita
1141 2309 1285 2344 computo
1308 2315 1325 2333 a
1341 2314 1444 2334 mense
1460 2304 1573 2341 Muny-

865 2347 973 2377 chione
992 2349 1073 2377 facto
1086 2348 1177 2377 vlll.
1194 2347 1344 2378 mensium
1369 2347 1516 2377 terminus
1541 2346 1570 2374 in

864 2391 994 2421 mediam
1011 2391 1074 2420 sere
1090 2391 1227 2430 hyemem
1239 2391 1364 2420 incidet.
1411 2389 1574 2420 Perierunt

863 2433 959 2471 igitur
970 2434 1000 2463 in
1011 2434 1185 2472 Tyrannide
1198 2434 1322 2463 Menses
1335 2433 1457 2463 circiter
1473 2432 1573 2462 XIII.

863 2476 893 2505 in
910 2487 984 2516 pace
999 2477 1189 2507 concilianda
1200 2476 1341 2507 totidem:
1358 2486 1425 2505 nam
1443 2476 1472 2505 in
1491 2476 1571 2504 Boe-

864 2519 1021 2549 dromione
1036 2530 1150 2556 mense,
1166 2518 1218 2559 qui
1235 2519 1323 2549 nobis
1340 2525 1388 2549 est
1403 2519 1573 2558 AugustuS‚

864 2562 893 2590 in
919 2564 1022 2592 urbem
1049 2573 1117 2592 cum
1147 2563 1212 2592 suis
1236 2562 1329 2592 rediit
1351 2561 1573 2601 Thrasybulus.

865 2605 1021 2635 Plutarch.
1037 2606 1076 2635 de
1092 2605 1200 2635 Gloria
1211 2605 1451 2641 Atheniensium.
1479 2602 1571 2633 “Earn

862 2646 918 2686 μὲν
933 2647 1075 2690 ἱσταμένη
1091 2649 1176 2689 (lege
1192 2647 1364 2689 ἱσταμένου)
1378 2647 1573 2696 Βοηδςομιῶνος

864 2688 954 2720 εἰσέτι
974 2692 1016 2720 νῦν
1031 2702 1079 2722 την
1094 2690 1121 2721 ἐν
1135 2690 1285 2730 Μαραθῶνι
1299 2690 1367 2723 νίκην
1390 2691 1404 2720 ἦ
1422 2690 1504 2723 πόλις
1518 2687 1574 2728 ἑορ-

864 2732 959 2772 τάζει,
982 2732 1051 2765 ἕκτη
1077 2733 1104 2763 δὲ
1129 2733 1211 2774 μηνὸς
1232 2734 1317 2774 (lege
1343 2743 1509 2772 μεσουντος,
1530 2732 1574 2760 ita

866 2778 942 2806 bene
964 2777 1163 2816 respondebit
1179 2776 1222 2816 τῷ
1236 2775 1402 2815 ἱσταμένου.
1436 2774 1503 2804 ἕκτη
1517 2772 1571 2812 μὲν

865 2818 1021 2859 ἱσταμένου
1031 2837 1072 2843 ο-
1082 2818 1150 2850 ἕκτη
1163 2819 1192 2850 δὲ
1207 2829 1371 2858 μεσουντος,
1382 2822 1412 2847 et
1425 2806 1574 2856 p=aeierea

865 2863 947 2892 circa
973 2862 1177 2892 Plenilunium
1205 2872 1268 2890 rem
1298 2871 1367 2890 esse
1397 2870 1414 2889 a
1442 2859 1574 2889 Chabria

867 2909 982 2944 gestam
1006 2905 1150 2935 scribitur
1173 2905 1203 2934 in
1219 2903 1366 2933 Camillo.
1391 2906 1500 2931 norunt
1525 2911 1574 2931 au-

867 2952 928 2976 tem
944 2958 1049 2977 omnes
1068 2947 1268 2977 Athenienses
1284 2955 1403 2975 menses
1419 2955 1491 2975 suos
1506 2955 1576 2974 cum

869 2991 940 3020 luna
954 2990 1122 3031 auspicari)
1143 2989 1306 3029 οἰνοχοεῖται
1323 2990 1371 3022 τῆς
1383 2985 1501 3027 Χαβρίου
1516 2986 1578 3027 mg?

870 3043 891 3061 n
