1839 3229
145 2934 207 2964 693

238 205 318 246 116
794 205 825 247 l.
859 206 1123 248 TAYLORI

231 314 311 357 ejus
351 313 518 347 facinoris
552 316 736 347 auctorem
770 316 806 347 et
836 318 947 358 caput
987 313 1169 347 exstitisse
1206 310 1443 354 Euphiletum
1484 312 1665 356 quendam
1682 320 1694 349 ς

232 374 342 413 atque
370 368 546 402 Hermem
574 369 744 412 denique,
764 368 824 412 qui
846 368 892 401 ob
919 367 1121 401 Andocidis
1141 367 1293 411 januam
1321 366 1417 400 solus
1444 366 1481 400 in
1503 366 1592 400 urbe
1618 375 1693 399 non

231 424 458 467 dejiceretur,
479 425 561 457 ideo
585 424 803 457 incolumem
823 423 1007 465 mansisse,
1027 423 1123 467 quod
1142 422 1364 463 Andocides,
1380 422 1441 466 qui
1459 423 1494 455 in
1512 433 1591 456 eam
1608 432 1695 465 ope-

232 479 277 512 ris
306 483 446 522 partem
472 479 682 519 designatus
708 480 798 519 erat,
825 478 860 510 id
887 478 1056 521 temporis
1084 489 1179 521 aegcr
1201 488 1246 510 cx
1272 477 1421 510 vulnere
1444 477 1480 510 in
1508 477 1601 509 lecto
1626 476 1692 509 de-

231 533 440 567 cumbebat.
489 533 545 567 Eo
566 533 725 575 periculo
742 532 913 564 liberatus
928 532 1034 565 homo
1060 536 1180 565 noster
1202 535 1410 564 mercaturae
1429 533 1610 575 quaestum
1628 541 1691 564 oc-

230 588 331 631 cipit,
351 592 459 632 atque
481 588 639 621 auricitia
663 597 745 619 cum
780 587 878 629 Rege
895 587 1004 629 Cypri
1022 587 1127 628 sacta,
1147 586 1264 619 civem
1286 587 1444 619 Atticam
1464 586 1528 618 sibi
1550 586 1693 619 affinem

230 644 321 676 clam
343 655 362 676 e
381 643 492 675 tutela
505 642 643 680 eduxit,
660 652 752 674 novo
770 641 899 684 hospiti
917 640 954 673 iu
973 642 1183 674 servitutem
1203 645 1239 674 et
1256 640 1414 677 delicias,
1464 640 1575 673 Istius
1592 640 1693 673 leno-

229 696 314 729 cinii
333 707 443 729 causa
456 700 621 729 metuens
640 696 704 728 sibi
724 706 743 727 a
757 695 830 728 suis
844 694 1000 736 civibus,
1017 695 1101 729 dum
1121 696 1276 740 puellam
1293 697 1386 730 furto
1400 695 1692 739 repeterevenet,

230 762 260 784 av
275 751 373 793 Rege
391 751 426 783 in
445 751 587 784 xincula
604 750 792 793 conjectus
809 752 875 782 est.
930 749 1084 793 Elapsus
1102 751 1249 783 domum
1274 750 1476 791 revertitur,
1492 759 1695 793 rursusque

230 817 250 838 a
268 804 498 844 ccccm-is,
522 807 581 849 qui
605 807 691 837 tunc
719 805 849 847 Rernp.
877 803 1063 844 tenebant,
1081 804 1117 837 in
1135 815 1316 838 carcerem
1345 808 1381 838 et
1399 805 1546 838 verbera
1569 804 1690 838 datur.

231 860 432 895 Corruente
455 861 542 904 Rep.
565 862 631 894 sub
650 860 866 894 XXXviris
883 860 975 893 dura
991 861 1113 893 omnia
1138 861 1268 904 exsilii,
1287 862 1454 895 restituta
1471 872 1555 895 cum
1577 860 1693 894 Thra-

229 915 369 958 sybulo,
390 915 544 948 inseiis-os
562 915 694 948 civium
714 915 851 948 animos
868 917 1044 958 expertus
1057 919 1123 949 est.
1174 915 1285 949 Binas
1301 915 1351 950 ibi
1361 915 1547 955 Ἐνόείξεως
1563 925 1692 949 causas

229 971 410 1008 sustinuit,
431 980 582 1014 quarum
603 980 712 1003 unam
727 969 799 1012 egit
818 968 944 1012 Lysias
957 969 1057 1003 Orat.
1069 969 1139 1003 Vl.
1191 970 1388 1014 Postquam
1406 971 1584 1005 diutinam
1602 974 1692 1004 aeta-

230 1029 302 1059 tem
321 1025 357 1058 in
376 1025 526 1058 vinculis
542 1025 674 1068 egisset
699 1030 735 1058 et
754 1025 847 1058 bona
873 1024 910 1057 in
933 1024 1083 1067 judiciis
1101 1024 1323 1068 dissipasset,
1342 1026 1483 1068 legatus
1509 1025 1554 1058 ad
1574 1025 1691 1059 Lace-

228 1081 429 1114 ‹laemonios
454 1080 499 1113 de
525 1090 614 1125 pace
640 1081 798 1114 ineunda
819 1080 961 1122 missus,
979 1083 1016 1113 et
1033 1080 1131 1113 domi
1157 1082 1285 1124 postea
1306 1082 1579 1126 παραπρεσβείας
1604 1090 1692 1114 con-

229 1136 434 1177 demiratus,
450 1135 627 1179 reliquum
642 1136 737 1179 quod
756 1139 832 1169 erat
843 1135 925 1168 vitae
945 1135 980 1167 in
997 1135 1126 1168 exsilio
1143 1136 1292 1179 peregit,
1308 1136 1430 1169 relicta
1443 1136 1550 1170 domo
1564 1145 1692 1177 vacua,

228 1189 553 1234 splendissimaque
570 1189 707 1223 familia
723 1190 758 1223 in
777 1191 855 1234 ejus
873 1190 997 1224 sunere
1010 1190 1149 1223 clausa.
1200 1191 1296 1224 Eum
1312 1191 1453 1224 exitum
1471 1190 1597 1224 habuit
1615 1190 1693 1224 An-

227 1246 388 1286 docides,
413 1246 465 1278 vir
493 1246 708 1279 auctoritate
739 1246 835 1280 inter
863 1256 948 1279 suos
983 1255 1148 1288 magnus,
1175 1246 1382 1289 eloquentia
1410 1246 1502 1279 inter
1530 1249 1692 1290 posteros

226 1301 357 1342 clarus,
378 1301 528 1334 omnino
547 1300 670 1343 major,
688 1301 715 1334 si
733 1301 916 1343 facundia,
931 1311 1041 1345 quam
1065 1299 1104 1334 in
1131 1299 1299 1344 periculis
1318 1311 1420 1334 suam
1438 1301 1591 1334 salutem
1617 1300 1691 1334 ele-

227 1358 353 1398 ganter
369 1355 577 1397 exercebat,
596 1355 632 1387 in
651 1355 758 1398 Reip.
779 1355 984 1388 discrimine
1002 1355 1046 1387 ad
1065 1365 1297 1388 communem
1314 1355 1509 1388 utilitatem
1526 1354 1692 1388 salutari—

227 1413 283 1443 ter
300 1409 427 1443 suisset
444 1420 544 1442 usus.
595 1409 651 1443 Ea
670 1410 847 1443 facundia:
877 1411 1114 1443 monumenta
1137 1409 1397 1443 commentario
1424 1408 1590 1453 proximo
1615 1419 1693 1442 ma—

227 1464 353 1499 teriam
372 1463 670 1509 suppeditabunt.

839 1623 973 1663 CAP.
1005 1620 1084 1663 VI.

227 1720 396 1750 Andocidis
420 1720 584 1750 Orationes
603 1722 660 1750 lv.
705 1721 785 1750 Laus
812 1721 938 1758 Iosephi
962 1720 1081 1750 W‘asaei
1107 1721 1157 1749 τοῦ
1183 1719 1355 1759 μακαρίτου.
1402 1720 1572 1750 Andocidis
1594 1721 1694 1751 oratio

269 1771 367 1810 prima
383 1771 444 1811 πεςῖ
463 1771 634 1812 μυστηρίων.
665 1771 780 1800 Eadem
797 1778 843 1800 est
859 1769 1020 1808 Ἐνδείέεως.
1051 1771 1244 1800 Gravissima
1261 1770 1422 1800 oscitantia
1437 1771 1604 1811 Scriptoris
1621 1772 1692 1802 vitae

270 1823 453 1852 Audocidis.
498 1822 639 1852 Secunda
656 1822 730 1851 salso
751 1816 938 1851 inscribitur.
985 1822 1045 1851 Ter
1061 1825 1249 1851 emendatur.
1295 1822 1338 1851 H.
1355 1822 1503 1860 Stephani
1524 1823 1694 1854 temeritas.

269 1872 455 1903 Vindicatur
470 1873 641 1902 emendatio
657 1873 798 1911 Lysiaca.
841 1872 948 1902 Tertia
963 1870 1107 1901 νοθεύεται.
1153 1872 1286 1901 Tollitur
1308 1883 1346 1902 ex
1373 1882 1407 1901 ea
1426 1873 1568 1902 mendum
1585 1873 1692 1903 soedis-

268 1924 390 1953 simum.
421 1924 604 1963 Disputatur
621 1925 658 1952 de
675 1930 781 1962 quarta
797 1922 863 1952 sive
878 1927 1041 1961 postrema.
1074 1923 1262 1952 Emendatur
1277 1922 1419 1961 plurimis
1436 1924 1464 1952 in
1480 1923 1568 1953 locis.
1605 1923 1692 1953 Εὐαν-

268 1973 335 2016 δρίιι.
380 1975 562 2005 Ostracisrni
586 1975 700 2004 exitus.
746 1975 827 2004 Num
852 1975 992 2003 rideatur
1014 1975 1080 2003 haec
1103 1973 1199 2003 oratio
1223 1983 1240 2002 a
1263 1973 1354 2013 Lysia
1378 1974 1473 2004 fuisse
1498 1975 1690 2014 conscripta?

268 2026 368 2063 Quem
386 2037 493 2056 revera
509 2027 615 2055 habuit
637 2030 803 2055 auctorem.
850 2027 951 2055 Locus
969 2026 1105 2055 Platonis
1124 2024 1297 2055 vindicatur
1319 2030 1423 2056 contra
1447 2028 1512 2065 ejus
1535 2028 1692 2067 Interpre-

266 2083 340 2107 tem.
385 2078 594 2108 Emendantur
613 2079 773 2116 Lycurgus
791 2082 820 2107 et
837 2077 1031 2107 Plutarchus.

224 2163 287 2197 Ex
318 2163 565 2204 Orationibus,
584 2163 847 2207 quas‘scripsit
864 2163 1088 2203 Andocides,
1114 2163 1184 2203 IV,
1213 2163 1320 2197 hodie
1349 2163 1573 2206 superstites,
1603 2163 1691 2207 legit

228 2219 387 2252 l’hotius.
422 2218 652 2259 Plutarchus,
673 2219 733 2262 qui
753 2219 938 2252 Pliotianis
958 2230 1026 2251 non
1048 2223 1242 2252 contentus
1260 2218 1386 2251 Vitam
1404 2218 1556 2260 addidit,
1575 2219 1693 2262 pueri-

223 2274 305 2306 liter
322 2273 503 2317 peccavit,
519 2273 603 2307 mihi
628 2284 670 2306 co
688 2273 834 2306 nomine
858 2284 984 2317 poenas
1006 2274 1171 2316 proxime
1191 2274 1356 2307 (laturus.
1406 2273 1444 2306 Si
1466 2274 1692 2308 exstitissent

225 2329 489 2367 commentarii,
520 2339 612 2372 quos
641 2328 676 2361 in
707 2329 934 2362 Andociden]
962 2329 1145 2372 scripsisse
1172 2328 1259 2362 olim
1286 2328 1474 2362 Valerium
1504 2329 1688 2363 Theonem

224 2386 379 2416 testatur
396 2383 539 2424 Suidas,
558 2387 620 2416 aut
637 2384 664 2415 si
691 2384 907 2427 prodiissent
936 2394 1048 2424 curae,
1067 2394 1158 2427 quas
1176 2395 1248 2417 non
1277 2385 1327 2416 ita
1352 2382 1489 2427 pridem
1508 2383 1590 2416 huic
1607 2384 1692 2417 scri-

223 2439 320 2482 ptori
337 2439 557 2482 impendisse
574 2438 670 2471 viros
688 2440 814 2471 doctos
832 2438 866 2471 in
884 2438 1020 2472 exteris
1045 2439 1254 2481 regionibus
1283 2438 1393 2471 didici
1411 2448 1457 2471 ex
1476 2437 1532 2471 Cl.
1548 2438 1690 2473 Wasaei

225 2493 453 2527 Bibliotheca
482 2493 673 2535 Literni-ia,
703 2494 832 2535 minus,
863 2494 984 2533 credo,
1010 2493 1096 2527 milii
1127 2494 1250 2527 suisset
1279 2493 1538 2534 necessarium,
1564 2497 1606 2527 ut
1630 2494 1694 2528 hic*

226 2549 449 2587 dissererem,
466 2559 549 2592 quae
567 2548 612 2580 ad
631 2549 810 2591 singulam
831 2549 1033 2583 Andocidis
1053 2550 1253 2583 orationem
1267 2549 1351 2582 olim
1370 2549 1554 2584 adnotavi.
1586 2550 1688 2585 Dum

227 2604 306 2638 llaeo
323 2604 439 2636 scribo
452 2603 624 2636 Calendis
635 2603 901 2638 Decembribus
914 2604 1314 2646 MDCCXXXVIII,
1332 2605 1377 2638 de
1390 2604 1490 2639 obitu
1502 2606 1690 2641 clarissimi

225 2657 327 2691 istius
343 2657 409 2691 viri
423 2660 459 2690 et
474 2657 518 2689 de
535 2657 740 2700 Republica
757 2658 912 2691 literaria
929 2661 1065 2703 optime
1083 2658 1213 2699 meriti,
1232 2658 1377 2703 Iosephi
1395 2669 1524 2703 nempe
1533 2660 1687 2704 Wasaei‚

225 2715 365 2758 primus
393 2713 523 2746 allatus
554 2718 609 2745 est
638 2714 805 2751 nuncius,
836 2714 1015 2748 Dolebam
1045 2725 1143 2754 sane,
1169 2715 1286 2757 primo
1313 2714 1409 2758 quod
1439 2718 1540 2748 tanto
1568 2715 1691 2750 horta-

225 2773 300 2802 tore
318 2767 518 2801 studiorum
538 2778 710 2809 meorum,
731 2768 888 2812 miliique
907 2770 1029 2802 multis
1051 2769 1173 2802 officiis
1196 2769 1490 2812 conjunctissimo
1507 2769 1687 2813 privatum

226 2833 284 2856 me
303 2822 475 2863 viderem,
492 2826 569 2855 tum
589 2831 670 2855 vero
697 2822 782 2865 quia
807 2823 952 2856 interitu
970 2823 1050 2856 talis
1069 2823 1133 2856 viri
1157 2823 1194 2856 in
1220 2824 1437 2857 alienissimo
1455 2824 1686 2868 Reipublicae

226 2876 393 2910 literariae
419 2879 580 2920 tempore
603 2876 790 2915 exstincti,
819 2877 1035 2920 dignitatem
1064 2878 1237 2910 bonorum
1269 2879 1482 2921 studiorum,
1501 2881 1688 2924 nostrique

226 2931 422 2974 praesertim
441 2931 576 2965 ordinis
593 2929 716 2965 statim
733 2930 961 2965 imminutum
980 2931 1020 2965 iri
1040 2932 1145 2965 sensi.
1198 2931 1336 2975 Magna
1360 2933 1419 2966 ille
1435 2932 1532 2966 vixit
1548 2936 1584 2967 et
1600 2944 1687 2968 cum

226 2988 374 3021 summis
392 2987 476 3023 viris
492 2988 607 3033 gratia
623 2990 660 3023 et
677 2998 759 3023 cum
777 2986 930 3023 eruditis
946 2988 1172 3022 auctoritate.
1207 2988 1302 3022 Nam
1319 2991 1355 3023 et
1372 2989 1556 3032 ingenium
1576 2989 1691 3024 nullis-
