1819 3219
499 201 836 248 LECTIONES
870 205 1162 249 LYSIACAE.
1470 208 1550 250 125

680 414 811 456 GAP.
843 415 968 457 VIII.

103 515 221 550 Fames,
235 513 430 554 illegitimum
445 524 544 553 poenae
560 524 666 553 genus.
711 513 895 543 Vindicatur
915 513 1086 544 emendatio
1114 493 1222 553 Lyliae.
1268 514 1351 550 Quid
1368 514 1409 544 sit
1426 518 1552 556 καταρά-

209 565 324 596 σασθαι
341 564 406 606 πρὸς
420 564 570 607 Ἑσπέραν.
615 564 837 604 Hieroplianta.
884 565 1070 594 Emendatur
1086 564 1264 600 Pausanias,
1281 570 1311 594 et
1334 566 1447 597 Isaeus.

103 650 279 686 INEUNTE
298 651 457 685 oratione
477 657 598 684 contra
616 649 830 683 Andocidem
843 660 879 693 p.
899 652 977 683 190.
991 651 1024 682 2.
1044 650 1100 681 ed.
1120 649 1165 682 R.
1185 651 1329 683 notatur
1353 651 1554 694 Sacrilegus

104 706 250 751 quidam
264 704 412 751 (nomen
430 706 507 749 ejus
523 706 559 739 in
575 708 704 738 neutra
717 704 997 738 adversariarum
1011 704 1222 737 Orationum
1240 706 1414 750 occurrit)
1427 705 1555 740 luctuo-

102 760 233 794 sissimo
250 761 372 794 mortis
385 771 515 804 genere
530 760 714 800 interiisse,
720 758 823 804 fame
837 758 1000 792 divinitus
1014 758 1178 793 immissa.
1215 756 1321 799 Οὗτος
1340 757 1401 794 οὗν
1414 763 1429 793 ὁ
1448 765 1555 795 ταῦτα

105 816 261 857 ποιήσας,
279 816 420 859 θανάτῳ
435 819 482 859 τῷ
498 817 649 859 ἀλγίστῳ
667 816 835 856 ἀπώλετο,
855 816 952 858 λιμῷ,
972 816 1054 846 sunt
1069 815 1177 848 verba
1192 815 1328 858 Lysiae.
1378 820 1485 861 Λιμὸν
1499 820 1555 851 καὶ

103 872 223 914 λοῖμον
247 871 398 911 θεήλατα
426 873 510 903 κακὰ
526 873 634 903 vocat
656 869 760 903 Philo
785 869 829 902 dc
848 869 919 901 vita
936 868 1052 901 Mosis
1068 870 1092 903 l.
1109 872 1139 903 l.
1158 881 1192 913 p.
1211 871 1292 904 619.
1319 870 1407 905 EdIt
1424 872 1552 906 Galen.

103 924 448 969 Lugubremfamem
460 924 557 958 dixit
570 925 689 958 Plaut.
705 924 840 957 Cistell.
859 923 889 958 Ι.
905 926 933 957 1.
947 925 1006 957 47.

152 980 176 996 “
192 979 284 1013 Nam
303 979 332 1012 si
348 979 428 1013 haec
445 990 516 1013 non
535 979 649 1013 nubat
665 990 672 1017 ;
697 978 848 1022 lugubre
865 978 949 1011 mihi
968 978 1061 1011 fame
1078 978 1210 1012 familia
1226 981 1384 1024 pereat.”

104 1033 257 1068 Homer.
272 1034 405 1078 odyss.
425 1035 483 1068 M.
497 1036 579 1068 341.

339 1090 471 1128 Πάντες
495 1093 556 1133 μὲν
574 1091 724 1133 στυγεροὶ
739 1088 884 1121 θάνατοι
900 1088 1034 1121 δειλοῖσι
1056 1090 1218 1133 βροτοῖσι,

338 1148 449 1188 Λιμῷ
473 1145 498 1177 δ’
517 1146 731 1178 οἴκτιστον
753 1143 882 1176 Θανέειν
898 1146 952 1176 καὶ
976 1145 1105 1188 πότμον
1122 1146 1290 1178 ἐπισπεῖν.

106 1198 258 1232 Lucian.
273 1198 377 1232 Asin.
398 1199 511 1232 ’Ἔνθα
527 1199 675 1232 ἐκπεσὼν
694 1199 830 1241 Θανάτῳ
856 1200 1051 1241 οἰκτίστῳ
1077 1201 1256 1244 ὁλόκληρος
1273 1202 1319 1233 ἔτι
1337 1204 1388 1234 καὶ
1407 1203 1556 1247 ἀκέραιος

105 1257 219 1298 νεκρὸς
233 1255 447 1298 τεθνήξομαι.
498 1254 590 1288 Plin.
608 1253 660 1287 ΙΙ.
672 1256 730 1287 63.
760 1255 783 1270 “
798 1253 868 1287 Illa
885 1251 1036 1300 [Terre]
1056 1255 1213 1288 medieas
1231 1255 1347 1289 fundit
1364 1256 1502 1298 herbas,
1520 1262 1556 1292 et
1575 1269 1636 1298 699

104 1319 246 1352 semper
273 1309 407 1342 homini
432 1309 598 1354 parturit.
648 1308 746 1350 Quin
776 1312 812 1342 et
841 1319 980 1343 venena
1008 1309 1118 1342 nostri
1148 1310 1327 1344 misen-tam
1358 1311 1555 1346 instituisse

105 1364 201 1398 credi
227 1367 366 1408 potest:
402 1374 447 1397 ne
472 1364 509 1397 iu
537 1364 647 1397 taedio
672 1364 757 1397 vitae
776 1363 906 1408 fames,
932 1375 1024 1397 mors
1052 1370 1155 1398 terrae
1179 1364 1316 1399 meritis
1333 1365 1556 1411 alienissima,

104 1419 202 1452 lenta
218 1429 283 1451 nos
300 1420 528 1452 consumeret:
544 1419 661 1452 tabe.''
710 1418 854 1452 Sallust.
876 1418 1016 1461 Fragm.
1036 1419 1057 1452 Ι.
1075 1421 1108 1452 3.
1138 1421 1162 1436 “
1178 1420 1298 1461 Quem
1321 1424 1444 1455 contra
1468 1427 1557 1456 aeta-

105 1476 178 1507 tem
204 1473 410 1517 projectum
438 1473 484 1506 ad
512 1473 650 1508 bellum
679 1472 942 1515 saevissumum,
960 1484 1041 1506 cum
1068 1474 1232 1507 exercitu
1260 1475 1394 1518 optime
1418 1477 1557 1519 merito,

105 1530 283 1572 quantum
298 1530 354 1562 est
368 1528 406 1562 in
422 1527 532 1569 vobis,
537 1527 654 1573 fame,
672 1528 911 1562 miserrumma
924 1527 1072 1562 onmium
1088 1535 1208 1570 morte,
1225 1530 1465 1565 confecistis.’'
1486 1532 1558 1566 His

106 1582 286 1626 conjunge
303 1582 513 1616 Callimach.
540 1583 678 1626 Hymn.
698 1583 734 1616 in
755 1582 923 1616 Cererem
948 1583 1092 1626 passim.
1143 1584 1279 1618 Addidi
1304 1585 1468 1620 divinitus
1492 1586 1558 1620 im-

106 1636 223 1679 missa,
241 1637 327 1670 licet
348 1637 384 1671 id
400 1637 436 1670 in
456 1637 565 1681 Lysia
587 1648 661 1671 non
680 1639 811 1671 diserte
836 1639 979 1678 dicitur,
997 1639 1166 1683 quoniam
1192 1640 1321 1674 mirum
1340 1645 1406 1682 est,
1423 1645 1559 1687 quanta

105 1691 278 1735 religione
307 1691 351 1724 ab
380 1691 447 1725 hac
476 1702 598 1735 poenae
625 1692 699 1726 sive
727 1692 933 1732 acerbitate,
957 1693 1030 1726 sive
1057 1693 1222 1728 foeditate
1247 1696 1366 1739 potius
1393 1697 1558 1739 dixerim,

107 1747 202 1779 cavit
219 1745 282 1789 jus
298 1745 508 1780 humanum.
558 1747 649 1779 Inde
665 1747 716 1787 fit,
734 1749 774 1779 ut
791 1757 874 1780 cum
888 1746 1102 1781 Marcianus
1118 1749 1237 1783 JCtus
1255 1751 1305 1783 ait
1319 1751 1471 1785 Judices
1487 1763 1558 1786 non

106 1804 244 1834 tantam
263 1801 328 1834 sibi
346 1804 578 1845 usui-patmos
595 1812 672 1834 esse
690 1803 886 1835 damnandi
903 1802 1099 1844 licentiam,
1111 1806 1152 1837 ut
1165 1805 1375 1839 necessariis
1390 1806 1561 1850 impensis

106 1867 206 1890 reum
234 1856 461 1898 interdicant,
480 1856 652 1890 Cuiacins
669 1857 855 1890 confirmat
871 1857 907 1890 in
925 1858 1127 1893 necessariis
1147 1860 1225 1893 istis
1249 1861 1407 1906 impensis
1424 1863 1562 1896 victum

107 1910 257 1953 intelligi
281 1914 464 1954 oportere:
491 1911 675 1945 neminem
701 1922 752 1944 sc.
777 1915 817 1944 ut
842 1912 935 1945 fame
964 1908 1103 1957 pereat,
1129 1926 1207 1949 esse
1233 1917 1560 1951 condemnandum.

115 1965 203 1998 Vid.
225 1965 352 1999 Ouiae.
370 1966 405 1998 in
424 1966 447 1999 l.
466 1977 513 2000 ex
539 1977 582 2000 ea
598 1970 702 2010 parte
722 1969 800 2000 120.
819 1965 849 2009 ξ.
875 1966 912 1999 in
939 1967 1094 2002 insulam
1122 1971 1170 2005 D.
1191 1971 1235 2003 de
1254 1971 1300 2004 V.
1322 1972 1365 2006 O.
1420 1971 1562 2006 Idcirco

111 2020 206 2064 apud
224 2020 392 2064 antiquos
410 2021 594 2055 Romanos
608 2031 695 2055 cum
713 2021 871 2055 Vestalis
885 2021 1000 2066 'Virgo
1018 2024 1063 2057 ob
1079 2025 1244 2059 violatam
1262 2026 1478 2070 pudicitiam
1495 2028 1562 2061 sub

107 2077 238 2108 terram
256 2074 497 2118 defoderetur‚
515 2077 711 2117 lucernam,
727 2087 868 2120 panem,
883 2087 1027 2122 aquam,
1041 2079 1096 2113 luc
1111 2084 1148 2113 et
1163 2080 1282 2115 oleum
1299 2092 1370 2114 nna
1383 2082 1561 2125 adjecere,

107 2139 152 2162 ne
166 2129 346 2163 videretur
361 2129 485 2164 inedia
501 2131 629 2175 perire.
680 2132 776 2164 Nam
794 2131 838 2164 ab
855 2132 929 2172 illa,
944 2136 985 2166 ut
999 2133 1089 2177 dixi,
1107 2136 1296 2170 severitate
1312 2138 1563 2181 temperabant

107 2184 279 2218 maxime.
291 2185 339 2218 V.
355 2185 535 2219 Plutarch.
552 2184 590 2218 iu
609 2185 732 2219 Numa
747 2197 781 2231 p.
806 2189 881 2220 145.
902 2187 1002 2221 Edit.
1020 2189 1151 2233 ssryan.
1201 2190 1262 2224 Sic
1280 2193 1378 2236 apud
1396 2192 1561 2237 Sophocl.

109 2239 282 2283 Antigon.
300 2241 379 2272 784.

376 2294 495 2338 ''Aywv
508 2295 625 2339 ἔρημος
642 2297 713 2329 ἕνθ’
731 2299 775 2330 ἰὶν
792 2298 811 2341 ᾗ
826 2299 959 2342 βροτῶν
976 2300 1103 2341 στίβος,

387 2349 513 2392 Κρὺψω
535 2351 692 2394 πετρώδει
714 2353 826 2389 ζῶσαν
844 2354 881 2385 ἐν
896 2355 1073 2397 κατώρυχι,

385 2405 520 2448 Φορβῆς
545 2407 706 2438 τοσοῦτον
722 2407 768 2444 ὡς
790 2408 873 2451 ἄγος
894 2409 1001 2451 μόνον
1019 2411 1154 2452 προθεὶς

377 2459 493 2499 *Ὀπως
517 2461 647 2504 μίασμα
672 2461 752 2494 πᾶσ’
773 2463 956 2507 ὑπεκφύγοι
982 2464 1092 2503 πόλις.

107 2526 163 2556 σχ.
182 2512 226 2545 ad
251 2512 319 2546 loc.
361 2513 463 2554 Ἐθος
479 2517 642 2555 παλαιὸν,
661 2517 740 2554 ὤςτε
758 2518 819 2549 τὸν
835 2519 1046 2561 βουλόμενον
1062 2521 1297 2564 καθειργνύναι
1313 2524 1389 2554 τινὰ
1407 2522 1559 2566 ἀφοσιοῦ-

108 2569 185 2600 σθαι
199 2568 312 2611 βραχὺ
329 2568 466 2602 τιθέντα
484 2573 621 2614 τροφῆς,
639 2572 693 2603 καὶ
709 2572 877 2605 ὑπενόουν
894 2573 1055 2617 κάθαρσιν
1072 2577 1109 2608 τὸ
1127 2578 1267 2617 τοιοῦτο,
1284 2574 1343 2610 ἵνα
1358 2580 1404 2620 μή
1422 2578 1559 2611 δοκῶσιν

106 2625 211 2666 λιμῷ
236 2623 402 2667 ἀναιρεῖν·
421 2626 519 2658 τοῦτο
536 2628 600 2670 γὰρ
618 2625 748 2667 ἀσεβές.
799 2625 1011 2661 Verosimile
1029 2629 1178 2672 quidem
1199 2633 1264 2672 est,
1280 2630 1330 2673 id,
1345 2633 1441 2676 quod
1459 2632 1558 2666 Mar-

107 2678 232 2711 cianus
249 2678 312 2719 ait,
327 2678 372 2711 ad
389 2678 546 2713 minores
561 2682 703 2714 tantum
721 2681 871 2715 Judices
888 2685 924 2715 et
940 2682 1117 2726 privatam
1137 2684 1426 2728 jurisdictionem
1451 2686 1559 2731 perti-

108 2741 211 2767 nere:
239 2732 284 2766 ad
302 2733 504 2777 Principem
523 2735 641 2778 ipsum
659 2739 724 2769 aut
745 2736 787 2770 P.
808 2736 852 2769 R.
872 2737 1096 2780 majestatem
1115 2739 1204 2773 trahi
1220 2751 1292 2773 non
1309 2746 1483 2786 oportere,
1500 2741 1559 2785 qui

109 2797 206 2830 saepe
228 2787 382 2821 'numero
408 2787 531 2822 inedia
558 2789 669 2823 sontis
698 2791 916 2834 plectebant.
965 2792 1026 2826 Ita
1053 2794 1295 2828 turbulentam
1324 2807 1424 2829 suam
1450 2796 1558 2830 vitam

110 2841 264 2875 confecit
280 2842 473 2886 Jugurtha,
498 2845 691 2889 ceterique.
742 2845 885 2880 Eadem·
910 2848 1070 2882 oratione
1093 2852 1264 2891 exeunte,
1291 2851 1336 2883 ad
1361 2851 1425 2885 has
1445 2861 1559 2891 voceS‚

114 2897 179 2928 Καὶ
195 2897 251 2928 ἐπὶ
267 2898 395 2937 τούτοις
418 2899 546 2942 ἱερεῖα
570 2900 624 2933 καὶ
640 2900 733 2945 ἱερεῖς
749 2901 890 2942 στάντες
906 2904 1142 2947 κατηράσαντο
1159 2907 1243 2948 πρὸς
1260 2906 1414 2949 ἑσπέραν,
1429 2916 1462 2949 p.
1475 2906 1556 2938 252.

111 2950 175 2982 ult.
194 2949 534 2994 importunissimum
553 2955 647 2988 istud
664 2956 764 3000 ἱερεῖα
779 2957 925 2991 memini
949 2969 1005 2992 me
1028 2970 1110 2993 meo
1126 2960 1367 3004 qualicunque
1385 2961 1488 2994 obelo
1505 2961 1558 2994 di-

111 3004 291 3047 stinxisse,
310 3009 345 3038 et
370 3007 516 3050 ἱέρειαι
539 3019 713 3052 reponere
730 3011 895 3045 voluisse.
950 3012 1101 3047 Voluisse
1128 3013 1217 3051 dixi,
1245 3014 1412 3056 quoniam
1437 3016 1557 3049 nescio
