1901 3244
765 170 1049 214 LYSIACAE.

224 291 330 312 currus
347 282 465 312 radium
482 282 631 321 arripere.
647 282 684 313 fr.
700 284 754 312 36.

182 323 277 365 κοινὸς]
293 334 411 363 aequus.
436 326 534 358 κοινοὺς
552 323 619 354 εἶναι
642 324 686 364 τῷ
703 335 737 354 τε
758 324 887 364 φεύγοντι

223 368 273 396 καῖ
291 367 334 406 τῷ
356 367 491 397 διώκοντι.
514 368 588 401 557,
609 367 663 396 uit.
685 366 766 397 κοινὸν
789 367 887 398 ἑαυτὸν

227 408 306 447 φίλον
321 407 389 439 εῖναι
403 411 454 442 τῆς
470 408 589 441 πόλεως.
604 409 712 446 sragm.
728 411 781 445 36,
800 412 850 440 15.

183 450 352 491 κοινοῦσθαι]
375 451 536 490 κοινούμενοι
550 453 606 480 τῶν
620 449 741 488 ἀγαθῶν.
753 455 828 488 442,
840 457 873 484 8.

183 494 327 534 κοινωνεῖν]
352 491 577 532 κεκοινωνημὲνοι.
590 493 698 532 fragm.
713 497 766 525 37.

185 535 302 565 κοινωνία
318 536 416 573 λόγων.
431 536 539 573 fragm.
552 536 606 565 35.

183 577 312 616 κολάζειν
329 581 397 619 χρῆ,
420 577 448 606 οὗ
469 577 549 616 μόνον
570 579 626 606 τῶν
641 580 889 618 παρεληλυθότων

226 619 316 656 ἕνεκα,
342 621 423 649 ἀλλὰ
442 620 491 649 καὶ
513 620 564 648 τοῦ
581 620 816 661 παραδείγματος
834 625 889 652 τῶν

227 662 392 700 μελλόντων
406 661 540 692 ἔσεσθαι.
556 664 630 698 725,
646 665 677 693 5.

184 704 390 744 κολλυβιστὴς]
415 709 613 742 permutator.
627 706 734 744 fragm.
748 709 800 737 34.

186 746 342 787 Κολυττός]
366 745 408 776 ὅτ’
422 745 454 775 ἐκ
470 748 614 777 Κολυττοῧ
629 747 768 788 διῳκίζετο
783 749 821 782 εἷς
840 750 889 779 τὴν

228 788 342 828 Φαίδρου
354 788 448 819 οἰκίαν.
468 791 540 824 901,
557 790 613 818 ult.

183 830 275 871 κόμη]
300 833 348 862 τὴν
361 831 417 870 μὲν
431 830 519 870 κόμην
535 830 631 868 ψιλὴν,
646 833 700 865 τὰς
716 832 743 861 δὲ
756 833 887 872 μασχά-

227 878 282 908 λας
296 873 421 908 δασείας.
438 873 547 912 fragm.
562 876 614 904 34.

182 914 318 957 κομίζειν]
341 915 506 956 κομισθῆναι
523 916 559 949 εἶς
575 918 625 946 τὴν
640 914 749 947 ἔουλήν.
766 919 841 952 461,
858 919 888 947 3.

230 961 305 994 463,
326 962 358 988 7.
389 961 464 992 477,
486 961 515 988 1.
540 964 709 997 reportare,
739 960 888 998 recipere.

228 1002 281 1036 60,
297 1004 327 1030 1.
353 1003 426 1039 148,
442 1002 494 1030 16.
519 1000 571 1029 ubi
587 999 754 1039 κεκομίσθαι
770 1002 890 1041 ἀργύριον

229 1047 260 1071 et
275 1043 458 1081 ἀπειληφέναι
476 1043 556 1072 idem
572 1048 651 1072 sunt.
670 1044 748 1073 adde
765 1046 839 1079 657,
858 1047 888 1074 8.

187 1110 192 1114 ,
229 1087 305 1120 831,
322 1087 352 1116 2.
377 1088 451 1120 834,
475 1086 529 1114 ult.
555 1087 641 1125 τιμὴν
664 1086 678 1116 ἢ
702 1086 784 1126 χάριν
806 1085 888 1125 κομί·

229 1127 354 1158 σασὲαι,
376 1129 452 1162 763,
474 1130 524 1157 11.
547 1129 623 1167 768,
640 1131 671 1158 7.
704 1129 781 1158 Inde
805 1128 889 1168 κομί-

228 1168 326 1208 ζεσθαι
343 1170 421 1211 παρά
436 1181 516 1204 τινος.
533 1173 608 1205 429,
624 1174 654 1201 4-
670 1171 708 1200 de
721 1181 752 1199 re
766 1172 890 1201 funerea

230 1212 279 1252 (v.
293 1224 325 1251 p.
342 1215 394 1244 59.
411 1223 439 1242 n.
457 1211 527 1253 24.)
549 1215 624 1249 539,
642 1216 673 1244 3.
693 1215 742 1244 τὶν
760 1212 889 1252 ἐμαυτοῦ

228 1256 289 1283 ναῖν
304 1254 436 1295 ἐκόμισα.
447 1254 463 1284 Ι
473 1255 600 1295 brought
611 1266 658 1294 my
672 1256 756 1285 vessel
766 1255 890 1297 affsqf'e.

228 1298 304 1332 702,
316 1300 345 1328 2.
362 1303 392 1327 et
409 1308 478 1336 peu.
494 1298 529 1326 T.
545 1297 711 1337 κομίζεσθαι
723 1299 762 1327 τοὶ
774 1300 888 1328 ἑαυτῶν.

224 1340 346 1377 juribus
371 1340 435 1369 suis
455 1340 556 1378 potiri.
581 1343 634 1379 60,
657 1344 687 1370 1.
710 1340 889 1380 κομίσασθαι

228 1382 269 1410 τὰ.
285 1381 369 1412 aava.
386 1382 494 1412 tollere
507 1383 545 1411 ad
558 1383 756 1421 sepulturam.
769 1385 844 1432 539,
857 1386 887 1414 3.

229 1425 270 1452 τὰ
284 1425 414 1463 μήνυτρα
417 1423 618 1476 “nopalssecSan
634 1428 709 1459 240,
728 1428 759 1455 2.
782 1424 825 1455 ἵνα
841 1426 888 1466 ἅρ-

230 1476 291 1505 χειν
305 1466 354 1506 ὑφ’
369 1468 446 1505 ὑμῶν
462 1465 624 1505 αξιοθεντες
645 1467 786 1497 διπλάσια
806 1469 889 1509 [scil.

229 1512 284 1538 τῶν
297 1508 544 1550 προανηλωμένων]
562 1510 745 1548 κομίσωνται.
761 1521 889 1550 recupe-

231 1557 311 1588 rent,
327 1553 376 1581 vel
393 1552 550 1582 aufferant.
571 1554 647 1588 657,
663 1556 693 1583 8.
716 1565 755 1581 τα
771 1555 889 1583 ναυτικοὶ

228 1596 285 1634 χρὴ
320 1592 352 1623 ἐκ.
380 1597 435 1623 τῶν
463 1595 671 1634 γραμματείων
700 1596 889 1633 κομίσασθαι.

231 1639 305 1672 897,
325 1639 356 1666 4.
379 1635 517 1676 ἐκόμισαν
537 1637 605 1667 αὐτο
608 1650 619 1667 ν
639 1638 677 1673 εἰς
692 1649 725 1666 το
743 1638 875 1678 δειγμα
865 1650 892 1669 εν

231 1677 280 1707 κλ’
271 1690 316 1719 usp.
332 1679 439 1717 fragm.
451 1682 505 1714 31,
520 1682 569 1709 12.

189 1720 366 1760 κομπαίζειν.
384 1724 458 1756 214,
474 1726 523 1752 11.
540 1725 613 1756 249,
633 1725 661 1752 1.

189 1763 304 1794 κόπτειν
317 1775 365 1794 την
380 1762 468 1802 θύραν.
482 1765 587 1802 fragm.
600 1767 654 1801 30,
666 1767 718 1796 20.

186 1804 284 1846 κόραξ]
307 1806 417 1836 ἀπιέναι
433 1805 514 1837 αὐτον
528 1806 671 1837 ἐκέλευσεν
684 1807 722 1841 εἷς
737 1808 801 1842 τοὺς
811 1808 891 1849 κόρα-

232 1859 284 1882 κας
299 1847 330 1878 ἐκ
345 1851 400 1878 τῶν
414 1853 546 1880 πολιτῶν.
561 1852 634 1884 500,
652 1852 682 1880 6.

189 1890 261 1929 κόρη.
280 1891 378 1930 virgo
395 1894 468 1927 139,
484 1895 513 1923 9.

188 1933 284 1973 κόριον]
311 1934 422 1972 puella.
445 1933 580 1975 ἐρωτικῶς
601 1946 633 1963 το
647 1934 729 1974 κόριον
740 1946 889 1976 μεταχει-

233 1974 351 2014 ρίζεται.
367 1977 474 2015 fragm.
489 1979 519 2012 5,
535 1988 601 2016 pen.

189 2017 331 2069 κόσμιος]
338 2018 444 2050 ταύτην
457 2018 525 2049 εῖναι
539 2022 587 2050 τὴν
600 2018 818 2050 ἒωιπονωτατην
833 2026 890 2049 λει-

233 2059 371 2099 τουργίαν,
385 2061 429 2090 ἀεὶ
447 2061 493 2090 τὲν
508 2062 605 2091 πάντα
623 2061 714 2102 χρόνον
733 2062 777 2091 διὰ
792 2061 892 2095 τέλους

232 2102 351 2153 κόσμιον
370 2101 437 2132 εῖναι
459 2103 506 2132 και
529 2105 664 2143 σώφρονα.
686 2107 762 2140 707,
787 2107 816 2134 9.
845 2105 890 2134 κό-

233 2145 320 2183 σμιός
334 2144 399 2175 ἐστι
415 2145 460 2174 και
477 2147 532 2186 οὐχ
554 2147 650 2185 ὁρᾶται
668 2149 750 2175 ποιῶν
769 2147 787 2175 ἃ
807 2148 890 2187 ἕτεροι

235 2186 363 2216 ενταῦθα
377 2191 522 2227 τολμῶσι.
539 2191 614 2223 789,

170 2238 176 2241 ·
190 2232 290 2268 κουρει
280 2231 318 2270 ν]
343 2229 461 2259 ἐλθὼν’
451 2231 499 2259 επι
515 2242 548 2259 το
558 2241 671 2271 κουρειον
686 2229 719 2259 τὸ
733 2231 811 2269 παρὰ
827 2231 892 2266 τοὺς

233 2271 351 2312 Ἐρμᾶς.
364 2274 439 2302 731.
457 2275 486 2302 2.
504 2273 515 2302 ὁ
527 2273 583 2311 μὲν
597 2273 664 2313 πρὸς
677 2275 838 2312 μυροπώλιο
840 2285 891 2310 ν,ο

235 2314 263 2343 δε
279 2315 343 2353 πρῦς
356 2315 445 2354 κουρεῖ
433 2326 478 2345 .ον.
493 2316 568 2350 751,
586 2318 614 2345 6.
639 2317 713 2351 905,
726 2317 757 2345 6.

191 2356 311 2397 κράζειν]
334 2357 442 2389 βοῶντα
456 2357 502 2386 καὶ
514 2358 696 2397 κεκραγόντα.
713 2360 787 2393 145,
801 2360 830 2387 2.

191 2410 305 2438 κρατειν
320 2410 370 2432 της·
384 2398 512 2438 παρόδου.
529 2402 581 2439 95,
598 2411 668 2439 pen.
684 2401 721 2430 Τ.

191 2444 295 2480 κραυγὴ
310 2442 378 2480 ἅμα
393 2441 485 2480 τούτῳ
498 2441 614 2478 γίνεται.
630 2445 704 2478 492,
716 2445 747 2472 8.

189 2484 358 2522 κρηπιδαῖον.
374 2484 614 2514 fundamentum.
632 2486 737 2524 fragm.
754 2487 806 2520 26,
823 2489 849 2515 1.

188 2525 277 2565 κρίνειν
295 2527 392 2565 δούρων,
412 2536 569 2556 munerum
590 2533 785 2565 acceptorum
807 2537 892 2557 reum

234 2579 335 2607 agere.
351 2571 425 2603 808,
440 2574 583 2608 antepen.

191 2610 293 2651 κρίσις]
322 2610 425 2644 εὐθέως
450 2609 537 2650 κρίσιν
563 2611 623 2644 τοῖς
648 2610 762 2651 ἀνδράσι
783 2611 892 2644 τούτοις

233 2651 348 2683 ἐποίουν.
365 2655 439 2688 466,
459 2656 508 2684 13.

190 2695 299 2734 κριτὴς]
323 2695 484 2733 ἐμβάλλειν
496 2694 598 2735 κριτήν.
615 2696 688 2730 170,
704 2698 736 2725 2.

191 2736 304 2777 κρούειν]
328 2739 378 2767 τοῦ
394 2737 660 2770 συνακολουθοῦντος
682 2736 800 2772 οἰκέτου,
821 2736 892 2767 λίθον

234 2790 280 2812 τις
293 2779 399 2815 λαβὼν,
414 2780 524 2819 ἔκρουσε
539 2780 585 2810 τὸν
598 2780 762 2821 λυχνοῦχον.
780 2781 891 2819 fragm.

237 2823 291 2850 34.

189 2861 336 2904 κρύπτειν]
355 2864 403 2893 τὴν
421 2862 568 2904 θυγατέρα
586 2862 688 2904 ἔκρυψε
707 2864 754 2894 τὸν
768 2864 891 2894 θάνατον

233 2905 354 2945 τάνδρός.
369 2907 445 2940 89⁷,
460 2909 491 2935 1.
503 2907 539 2936 Τ.

186 2946 332 2987 κτᾶσθαι]
349 2946 514 2978 dominium
526 2948 650 2979 habere.
668 2950 723 2979 τῶν
738 2948 830 2978 αὗτῶν
843 2959 889 2978 κε·

1550 178 1632 219 735

970 280 1126 321 ›ra-mim
1143 284 1220 317 267,
1241 283 1561 324 ι.ὄμοίιιςέκτηο-αντο
1577 289 1635 323 τὰς

972 323 1073 364 ψυχὰς
1088 323 1127 364 τῇ
1145 324 1240 363 φύσει.
1272 329 1324 362 58,
1342 331 1372 358 2.
1396 331 1446 359 τήν
1462 340 1550 360 αυτην
1572 329 1631 359 ἐκέ-

971 377 1074 397 κτηντο
1101 365 1226 406 πατρίδα
1242 369 1634 410 καιμητὲρα.1ιαὴηει·ιιηί.

972 411 1073 444 77,1.
1095 410 1264 448 acqui··.ere
1286 411 1320 440 τὸ
1338 411 1435 453 χωρίον
1456 411 1634 453 ἐκτησάμην.

971 451 1097 481 fundum
1123 456 1274 481 mercatus
1298 464 1375 484 suun.
1399 457 1473 489 ⁴263,
1497 467 1566 494 pen.
1589 459 1632 494 μὴ

971 494 1159 532 κτησάμενος,
1173 494 1253 522 ἄλλα
1269 496 1346 533 παρὰ
1360 498 1407 525 τοῦ
1419 498 1526 537 πατρὸς
1539 509 1632 537 παρα

971 534 1073 565 λαζών.
1099 539 1173 571 638,
1200 537 1303 566 1.1ta
1327 547 1446 576 quoque
1471 540 1633 579 accipitur.

973 580 1049 612 617,
1066 579 1120 608 uit.
1145 581 1220 614 633,
1237 588 1306 616 peu.
1330 580 1367 608 Τ

929 619 1110 661 κυβερνητης]
1136 622 1297 660 κυβερνήτην
1316 621 1403 662 εἶχον,
1424 621 1452 654 ὃς
1469 621 1552 652 ἐδόκει
1579 626 1634 652 τῶν

971 663 1108 693 Ἑλλήνων
1122 663 1236 702 ἄριστος
1251 662 1330 693 εἶναι.
1344 667 1419 699 702,
1433 667 1462 694 5.

929 705 1029 745 κύβος]
1054 705 1112 734 ὅσοι
1128 706 1190 746 περὶ
1204 704 1301 739 κύέους
1311 705 1325 736 ἢ
1337 705 1448 741 ’πότους
1459 706 1514 739 τὰς
1528 707 1632 745 διατρι.

975 747 1029 781 βὰς
1043 748 1194 778 ποιοῦνται.
1211 750 1286 784 577,
1299 751 1330 778 9.

929 789 998 819 κύειν
1015 790 1099 820 αὐτὴν
1110 788 1141 828 ἐξ
1153 790 1239 819 αὑτοῦ
1252 790 1378 830 νομίζων.
1394 792 1470 825 469,
1488 794 1537 821 13.

930 831 1082 872 κυζικηνός]
1100 842 1238 862 nummus
1254 843 1375 862 aureus.
1387 835 1462 869 391,
1476 834 1528 862 ult.
1542 833 1636 863 inter-

973 875 1046 903 dum
1061 875 1183 904 additur
1195 885 1315 914 quoque
1332 876 1456 914 στατῆρ.
1472 877 1546 912 896,
1561 879 1592 906 4.

930 916 1060 950 κυκλικός
1074 916 1166 957 χορός.
1183 919 1258 953 698,
1275 928 1347 956 pen.

930 957 1061 988 κυκλόθεν
1075 958 1133 993 ὁδὸς
1147 958 1284 998 περιέχει.
1303 963 1377 995 283,
1393 962 1443 989 14.
1461 961 1497 990 Τ.

930 1000 1085 1035 κύπασσις.
1103 1003 1208 1040 fragm.
1226 1005 1278 1036 12,
1292 1005 1323 1032 4.

930 1042 1053 1084 κύρβεις]
1076 1042 1152 1073 θύειν
1172 1045 1226 1078 τὰς
1251 1043 1283 1073 ἐκ
1307 1046 1361 1073 τᾶν
1383 1043 1501 1084 κυρβὲων
1526 1043 1634 1079 Θυσίας.

975 1087 1050 1120 852,
1070 1086 1124 1115 ult.
1149 1087 1223 1121 854,
1238 1089 1270 1117 3.
1287 1091 1318 1115 et
1335 1088 1365 1115 6.
1387 1087 1447 1125 ῖεροὶ
1463 1089 1517 1115 τῶν
1533 1087 1558 1116 ἐν
1575 1090 1634 1120 τοῖς

973 1127 1089 1166 κύρβεσι
1106 1128 1321 1168 γεγραμμένων.
1338 1130 1412 1163 855,
1426 1131 1456 1159 3.

931 1168 1032 1211 κύριος]
1056 1170 1141 1209 κύριον
1165 1173 1216 1204 τῆς
1242 1171 1380 1210 σωτηρίας
1407 1173 1457 1204 τῆς
1483 1170 1633 1210 ἡμετέρας.

974 1215 1048 1247 398,
1068 1217 1117 1242 12.
1134 1218 1245 1243 ratum.
1262 1217 1316 1253 25,
1329 1217 1357 1243 1.
1375 1214 1412 1243 de
1425 1214 1492 1252 lege
1507 1214 1634 1253 saepius.

974 1265 1005 1284 v.
1020 1258 1071 1285 31.
1089 1257 1119 1284 8.
1142 1256 1177 1284 Τ.

932 1298 1022 1338 κυροῖν
1036 1299 1084 1328 τὶν
1101 1297 1239 1328 {mentm
1257 1308 1375 1333 curare,
1393 1302 1424 1328 ut
1440 1299 1554 1328 mulcta
1569 1309 1585 1328 a
1600 1309 1633 1328 se

974 1350 1027 1369 reo
1045 1341 1128 1369 dicta
1144 1350 1162 1369 a
1173 1341 1291 1378 judicio
1308 1343 1421 1379 majore
1434 1347 1500 1371 rata
1515 1341 1634 1371 dicatur

975 1387 1065 1420 atque
1082 1383 1286 1412 confirmetur.
1302 1385 1377 1417 327,
1395 1387 1424 1412 1.

931 1423 1097 1465 κωδωνὶζειν.
1116 1426 1287 1463 explorare.
1300 1427 1406 1463 fragm.
1422 1427 1463 1455 37

1097 1467 1357 1478 ιιιιιιι

975 1509 1052 1539 εἶναι.
1070 1513 1144 1544 610,
1163 1512 1212 1540 17.

932 1552 1083 1592 κωμάζειν.
1103 1555 1176 1587 148,
1189 1556 1219 1582 7.
1242 1550 1309 1590 μεθ’
1327 1551 1440 1591 ἡμέραν.
1458 1553 1533 1587 536,
1549 1553 1604 1582 ult.

932 1595 1075 1633 κωμῳδεῖν
1090 1593 1143 1633 ἐμὲ
1160 1595 1335 1633 βουλόμενος.
1349 1595 1468 1624 ludere.
1490 1597 1567 1630 753,
1578 1597 1633 1626 13.

931 1637 1236 1678 κωμῳδοδιδάσκαλος]
1261 1640 1317 1666 τῶν
1337 1636 1634 1676 κωμῳδοδιδασκάλων

975 1680 1090 1710 ἀκούετε
1116 1679 1188 1709 καθ’
1213 1679 1334 1710 ἕκαστον
1359 1678 1490 1710 ἐνιαυτόν.
1525 1681 1634 1719 fragm.

976 1725 1029 1758 21,
1044 1725 1096 1753 31.

933 1764 1048 1805 κώνειον]
1074 1765 1275 1804 παράγγελμα
1295 1764 1329 1793 τι)
1352 1763 1399 1793 ἐπὶ
1416 1766 1470 1793 τῶν
1484 1765 1632 1803 τριάκοντα

944 1836 947 1837 ι
973 1806 1126 1847 εἰθισμένον
1137 1808 1341 1848 παρήγγελλον,
1350 1808 1453 1837 κώνειον
1461 1809 1543 1838 πιεῖν.
1557 1809 1633 1843 394,

975 1860 1044 1887 pen.
1062 1852 1136 1886 612,
1153 1852 1183 1879 8.

1261 1941 1296 1964 Λ.

932 2020 1107 2060 Λαγχάνειν]
1138 2019 1244 2057 δαίμων
1266 2019 1278 2048 ὅ
1304 2020 1353 2049 τῆν
1374 2017 1516 2058 ἦμετὲραν
1537 2020 1636 2060 μοῖραν

975 2061 1106 2112 ειληχώς.
1123 2064 1196 2096 130,
1213 2064 1244 2091 2.
1267 2062 1359 2100 λαχε
1357 2072 1370 2089 ν
1387 2060 1468 2091 δίκην.
1483 2064 1559 2098 728,
1579 2064 1635 2094 ult

975 2102 1048 2142 ωρές
1066 2103 1109 2137 οὓς
1126 2105 1155 2132 αἱ
1175 2102 1248 2132 δίκαι
1269 2103 1450 2144 ἒληχθησαν.
1470 2106 1544 2139 595,
1566 2116 1636 2144 pen.

975 2143 1075 2184 ἓρημην
1089 2145 1168 2184 αὐτῷ
1183 2146 1331 2185 λαχόντες.
1349 2146 1390 2175 ita
1402 2147 1479 2175 enim
1495 2147 1635 2183 legimus.

976 2190 1049 2222 680,
1074 2189 1128 2217 ult.
1150 2190 1253 2227 λαχεῖν
1277 2189 1315 2217 de
1340 2188 1458 2226 judice.
1482 2189 1557 2224 593,
1580 2193 1635 2219 11.

975 2230 1013 2258 de
1038 2230 1228 2268 magistratu,
1253 2232 1327 2265 196,
1352 2232 1383 2260 3.
1412 2230 1449 2260 T.
1482 2232 1637 2272 λαγχάνειν

975 2272 1120 2306 βασιλεύς.
1149 2272 1264 2306 sortiri,
1288 2273 1315 2301 h.
1329 2282 1356 2301 e.
1378 2282 1433 2310 per
1454 2277 1566 2303 sortem
1582 2276 1635 2303 de-

976 2314 1091 2353 signari
1106 2325 1162 2344 rex
1175 2325 1342 2344 sacrorum.
1355 2316 1430 2351 196,
1440 2317 1469 2345 3.
1487 2315 1637 2356 λαχόντες,

976 2357 1073 2386 forum
1106 2367 1193 2386 suum
1216 2367 1284 2386 cum
1306 2358 1498 2395 aperuissent
1526 2360 1634 2397 suique

977 2399 1178 2428 conveniendi
1196 2400 1313 2437 copiam
1336 2399 1494 2430 dedissent
1510 2400 1636 2439 litigan-

977 2441 1070 2476 tibus,
1094 2442 1115 2471 οῖ
1137 2439 1295 2471 ναυτοδίκαι
1315 2444 1472 2481 Γαμηλιῶνι
1495 2443 1572 2481 μηνὶ,
1588 2443 1635 2472 οὔκ

975 2482 1148 2521 ἐξεδίκασαν.
1159 2486 1235 2519 593,
1248 2488 1300 2515 12.
1315 2486 1414 2524 λαχὼν
1429 2485 1441 2514 ὅ
1457 2487 1550 2523 πατῆρ
1564 2496 1635 2515 παν-

976 2524 1024 2560 τὸς
1038 2527 1086 2555 τοῦ
1102 2525 1288 2565 συμὲολαίου.
1309 2537 1378 2556 cum
1395 2531 1480 2565 pater
1492 2527 1635 2557 universo

977 2568 1016 2597 de
1033 2579 1093 2598 aere
1113 2570 1231 2599 credito
1249 2569 1467 2598 Erasistratum
1483 2569 1635 2607 appellas-

977 2615 1034 2639 set.
1050 2613 1125 2645 590,
1139 2614 1190 2640 11.
1213 2610 1306 2651 ἔλαχέ
1321 2623 1371 2649 μοι
1387 2610 1492 2640 ταύτην
1503 2611 1552 2640 τὴν
1563 2610 1634 2641 δίκην

977 2651 1171 2692 Ἀρχεβιάδης.
1186 2654 1242 2683 hac
1255 2653 1372 2682 actione
1388 2663 1436 2682 me
1452 2653 1633 2691 postulavit,

977 2695 1072 2733 injus
1089 2696 1221 2725 vocavit.
1236 2697 1272 2724 fr.
1293 2698 1343 2729 10,
1358 2697 1409 2725 15.

933 2737 1106 2778 λαμβάνειν]
1121 2736 1227 2775 ἐλήφθη
1242 2737 1355 2776 μοιχός.
1371 2738 1446 2771 489,
1459 2738 1490 2766 3.
1505 2735 1631 2776 ἐξαμαρ-

976 2780 1103 2813 τάνοντες
1120 2779 1260 2818 ληφθῶσι.
1277 2781 1353 2813 529,
1375 2781 1406 2808 6.
1430 2778 1568 2817 προδιδοὺς
1584 2785 1633 2810 λη-

976 2823 1062 2860 φθεὶς
1071 2821 1156 2851 ἐδέθη.
1168 2824 1241 2856 223,
1254 2823 1283 2851 6.
1300 2821 1634 2861 παραφρυκτωρευόμενος

975 2866 1036 2898 τοῖς
1061 2862 1208 2903 πολεμίοις
1232 2861 1346 2901 ληφθεὶς
1370 2861 1632 2901 ἀπετυμπανίσθη.

975 2909 1050 2940 489,
1068 2909 1097 2935 8.
1122 2905 1202 2934 δίκην.
1219 2915 1323 2944 poenas
1338 2915 1470 2935 sumere.
1488 2908 1542 2941 40,
1553 2907 1584 2936 3.
1601 2906 1632 2935 in

974 2959 1007 2979 re
1024 2947 1171 2978 usuraria.
1190 2948 1264 2982 589,
1277 2950 1308 2977 2.
1332 2948 1369 2977 de
1386 2948 1540 2987 conjugio.
1557 2950 1633 2983 621,
