1839 3229
244 212 324 255 112
806 217 825 258 Ι
834 249 842 258 .
874 216 1140 259 TAYLORI

237 324 309 365 χία,
328 323 461 361 ἐξέπεσε
477 328 539 366 τῆς
557 327 689 366 πόλεως
706 331 773 361 τῶν
792 316 815 360 λ
839 330 905 368 τὴν
919 327 1035 370 ἀρχὴν
1049 323 1500 370 παραλαβόντων-ὀἰκήσας
1515 325 1548 359 δὲ
1562 327 1623 360 τὸν
1637 327 1700 366 τῆς

236 381 346 422 φυγῆς
362 380 489 424 χρόνον
501 381 539 414 έν
555 381 675 421 Ἠλὶδι,
687 384 923 416 κατελθόντων
939 385 1008 415 τῶν
1021 383 1095 426 περὶ
1109 381 1363 425 θρασύβουλον,
1375 383 1430 414 καὶ
1447 381 1550 420 αὐτὸς
1560 377 1641 422 ἧκεν
1653 381 1700 419 εἰς

237 435 304 473 τὴν
320 435 436 468 πόλιν.
464 437 621 479 πεμφθεὶς
643 436 675 469 δὲ
697 439 771 480 περὶ
788 440 851 477 τῆς
873 436 1007 480 εἰρήνης
1034 437 1080 476 εἰς
1108 436 1352 479 Λακεδαίμονα,
1381 438 1437 469 καὶ
1453 436 1552 475 δόξας
1573 435 1701 468 ἀδικεῖν

237 489 346 533 ἔφυγε.
365 491 469 530 Δηλοῖ
487 490 517 523 δὲ
530 493 604 534 περὶ
616 492 758 525 πάντων
769 493 806 524 ὲν
822 495 894 530 τοῖς
908 492 1022 535 λόγοις
1037 489 1088 531 οἷς
1101 491 1341 535 συγγέγραφεν.
1365 490 1468 534 οἱμὲν
1486 492 1550 534 γὰρ
1567 491 1700 522 ἀπολο-

238 544 403 588 γουμένου
414 548 488 589 περὶ
505 550 574 578 τῶν
589 547 780 590 μυστηρίων
796 547 868 587 εἰσὶ,
885 546 914 579 οἱ
931 546 963 579 δὲ
982 547 1123 580 καθόδου
1137 546 1304 590 δεομένου·
1323 547 1461 584 σώζεται
1477 545 1510 578 δὲ
1521 547 1628 579 αὐτοῦ
1646 546 1701 578 καὶ

239 598 256 630 ὁ
271 601 345 642 περὶ
362 602 425 639 τῆς
441 599 607 639 ἐνδείξεως
630 601 745 643 λόγος,
765 602 821 634 καὶ
849 602 1020 645 ἀπολογία
1046 603 1132 646 πρὸς
1149 602 1293 642 Φαίακα,
1310 603 1364 634 καὶ
1381 602 1458 644 περὶ
1474 602 1538 640 τῆς
1552 599 1702 644 εἰρήνης,

237 654 293 685 καὶ
304 655 429 697 ἤκμαζε
451 654 512 698 μέν
539 656 625 687 κατὰ
652 657 775 688 τοῦτον
801 657 863 688 τὸν
895 656 1022 699 χρόνον
1039 658 1109 700 ἅμα
1127 656 1293 700 Σωκράτει
1311 658 1362 698 τῷ
1377 655 1556 699 φιλοσόφῳ.
1604 654 1702 698 ἄρχει

239 708 272 740 δὲ
289 709 383 751 αὐτῷ
406 712 469 749 τῆς
484 709 643 752 γενέσεως
660 709 853 754 Ὀλυμπιὰς
876 712 939 754 μὲν
964 711 1192 755 ἑβδομηκοστὴ
1207 711 1322 755 ὀγδόη,
1347 712 1464 755 ἅρχων
1485 709 1518 742 δὲ
1534 707 1702 752 Ἀθήνῃσι

240 765 448 808 Θεογενίδης,
467 767 549 797 ὥστε
569 763 658 798 εἶναι
675 766 904 811 πρεσβύτερον
928 767 1035 800 αὐτὸν
1049 768 1174 800 Λυσίου
1191 767 1277 799 ἔτεσί
1293 779 1360 799 που
1388 765 1523 799 ἑκατόν.
1574 762 1704 796 Τούτου

239 819 270 851 δὲ
288 820 464 863 ἐπώνυμός
489 821 558 853 ἐστι
581 823 635 853 καὶ
660 821 785 865 Ἐρμῆς
802 821 819 854 ὁ
831 821 1025 855 Ἀνδοκίδου
1042 822 1257 866 καλούμενος,
1275 822 1440 865 ἀνάθημα
1454 822 1517 864 μὲν
1530 820 1578 852 ὢν
1594 819 1704 861 φυλῆς

242 874 410 917 Αἰγηΐδος,
430 876 621 915 ἐπικληθεὶς
637 876 669 908 δὲ
688 875 882 909 Ἀνδοκίδου
896 876 948 909 διὰ
975 879 1013 910 τὸ
1027 877 1174 916 πλησίον
1189 879 1393 921 παροικῆσαι
1410 877 1471 909 τὸν
1491 873 1705 914 Ἀνδοκίδην.

238 930 294 961 καὶ
311 931 414 969 αὐτὸς
432 930 463 962 δὲ
480 931 667 974 ἐχορήγησε
691 932 813 974 κυκλίῳ
838 935 932 975 χορῷ
950 934 992 975 τῇ
1013 932 1117 965 αὑτοῦ
1142 933 1230 975 φυλῇ
1245 930 1480 974 ἀγωνιζομένῳ
1499 928 1703 972 διθυράμβῳ,

238 986 294 1016 καὶ
307 985 447 1024 νικήσας
464 985 603 1026 ἀνέθηκε
618 986 761 1030 τρίποδα
775 986 820 1029 ἐφ’
838 986 982 1029 ὑψηλοῦ,
995 986 1153 1030 ἀντικρὺς
1167 988 1225 1019 τοῦ
1243 987 1392 1029 πωρίνου
1411 986 1555 1018 σελίνου·
1582 983 1655 1016 ἔστι
1670 981 1703 1014 δὲ

239 1038 373 1079 ἁπλοῦς
387 1040 442 1072 καί
455 1039 683 1080 ἀκατάσκευος
695 1042 731 1075 έν
747 1044 818 1080 τοῖς
834 1042 961 1084 λόγοις,
980 1042 1107 1085 ἀφελής
1124 1054 1157 1075 τε
1176 1043 1230 1074 καὶ
1247 1041 1514 1084 ἀσχημάτιστος.

831 1189 1099 1232 PHOTIUS

737 1287 912 1322 Biblioth.
925 1288 1016 1323 cod.
1033 1289 1210 1324 CCLXI.

285 1366 574 1410 Ἀνεγνώσέιησαν
586 1367 780 1401 Ἀνδοκίδου
796 1361 946 1413 λόγοιδ.
974 1375 1031 1409 οὓς
1044 1370 1124 1409 τέως
1141 1370 1287 1414 εἴδωμεν·
1303 1370 1319 1403 ὁ
1333 1372 1408 1414 περὶ
1422 1373 1491 1403 τῶν
1503 1370 1707 1414 μυστηρίων,

238 1421 257 1452 ὁ
274 1423 348 1465 περὶ
365 1425 427 1461 τῆς
446 1422 566 1454 ἑαυτοῦ
590 1423 744 1465 καθόδου,
776 1425 792 1457 ὁ
811 1428 885 1469 περὶ
910 1430 972 1466 τῆς
990 1428 1076 1469 πρὸς
1094 1425 1376 1469 Λακεδαιμονίους
1400 1425 1548 1469 εἰρήνης,
1575 1427 1629 1458 καὶ
1655 1425 1708 1458 τέ-

240 1489 363 1520 ταρτος
381 1477 397 1509 ὁ
411 1479 497 1509 κατὰ
523 1478 750 1519 Ἀλκιβιάδου.
793 1480 892 1514 ’Ἔστι
910 1480 942 1513 δὲ
968 1482 1004 1514 ἐν
1021 1481 1152 1519 τούτοις
1169 1481 1185 1512 ὁ
1203 1481 1292 1524 ἀνὴρ
1309 1481 1441 1519 ἁπλοῦς
1457 1493 1492 1512 τε
1509 1481 1562 1512 καὶ
1576 1480 1706 1513 ἀκατά-

240 1544 366 1571 σκευος,
384 1532 539 1574 ἀφελείας
550 1546 583 1565 τε
600 1535 706 1576 φίλος,
722 1537 838 1578 καὶτῷ
855 1537 1099 1580 ἀσχηματίστῳ
1118 1537 1417 1580 σχηματιζόμενος.
1443 1536 1658 1580 συνακμάσαι
1674 1535 1708 1568 δὲ

242 1587 405 1631 Σωκράτει
421 1590 469 1630 τῷ
481 1589 647 1631 φιλοσόφῳ
660 1590 803 1633 λέγεται,
814 1593 869 1623 καὶ
886 1592 1002 1635 ἀρχὴν
1018 1594 1113 1634 αὐτῷ
1126 1595 1189 1631 τῆς
1204 1591 1364 1635 γενέσεως
1390 1592 1547 1635 γενέσθαι
1581 1591 1708 1635 ὀγδόην

241 1643 297 1674 καὶ
312 1642 565 1686 ἑβδομηκοστὴν
587 1643 810 1688 Ὀλυμπιάδα.
836 1649 918 1685 παῖς
935 1647 966 1679 δὲ
985 1647 1183 1690 ἐχρημάτιζε
1204 1648 1389 1690 Λεωγόρου,
1408 1647 1442 1684 ἐξ
1465 1643 1500 1680 εὗ
1517 1647 1709 1690 γεγονότων

240 1700 480 1743 καταγόμενος.
500 1699 698 1739 Ἑλλάνικος
716 1700 747 1732 δέ
762 1707 841 1744 φησι
855 1703 907 1734 καὶ
923 1704 986 1742 τῆς
1004 1702 1117 1747 πόῤῥω
1138 1706 1201 1743 τῆς
1213 1702 1371 1742 γενέσεως
1388 1703 1527 1745 ὀχετοὺς
1551 1703 1644 1742 ἥκειν
1662 1702 1708 1741 εἰς

241 1755 348 1786 αὐτὸν
373 1755 406 1791 ἐξ
421 1754 556 1797 Ἑρμοῦ.
583 1755 697 1788 αἰτίαν
714 1755 745 1787 δὲ
764 1756 884 1798 λαβὼν
901 1760 960 1789 τοῦ
977 1758 1116 1799 ἀσεβεῖν
1141 1759 1197 1789 ἐπὶ
1224 1760 1266 1801 τῇ
1293 1761 1362 1790 τῶν
1385 1757 1516 1801 Ἑρμῶν
1534 1759 1711 1801 περικοπῇ,

239 1810 295 1842 καὶ
314 1812 357 1852 τῇ
373 1813 440 1842 τῶν
457 1811 651 1853 μυστηρίων
675 1813 738 1850 τῆς
754 1811 929 1855 Δήμητρος
947 1812 1051 1855 ὕβρει,
1079 1813 1228 1856 ἀπέφυγε
1259 1814 1382 1855 κριθεὶς
1399 1813 1455 1844 ἐπὶ
1479 1815 1527 1855 τῷ
1541 1811 1706 1855 μηνύσειν

241 1866 320 1902 τούς
333 1864 544 1903 ἀδικοῦντας·
570 1863 724 1904 σπουδήν
742 1865 773 1897 δὲ
793 1868 912 1898 πᾶσαν
927 1866 1208 1909 εἰσενεγκάμενος,
1223 1863 1294 1910 εὗρε
1312 1868 1389 1905 τοὺς
1403 1867 1449 1905 εἰς
1461 1866 1504 1899 τὰ
1513 1866 1584 1910 ἱερὰ
1600 1867 1707 1909 ἁμαρ-

240 1918 427 1958 τήσαντας,
449 1915 498 1957 οἷς
524 1920 576 1950 καὶ
607 1921 668 1951 τὸν
692 1919 810 1952 ἑαυτοῦ
834 1920 965 1964 πατέρα
987 1921 1295 1965 συγκατεμήνυσεν·
1334 1921 1426 1953 ἀλλὰ
1455 1923 1519 1965 γὰρ
1545 1922 1623 1960 τοὺς
1644 1923 1708 1965 μὲν

240 1973 369 2011 ἄλλους
383 1973 520 2011 πάντας
539 1973 691 2016 ἐλέγχοις
712 1975 868 2017 φωράσας
893 1975 1085 2008 ἀπολέσθαι
1098 1974 1349 2020 κατεπράξατο,
1368 1978 1429 2009 τὸν
1447 1975 1479 2008 δὲ
1495 1975 1625 2021 πατέρα
1641 1977 1714 2009 καί·

240 2042 291 2061 τοι
309 2028 481 2071 δεδεμένον
507 2028 570 2069 ἤδη
600 2029 741 2065 ἐξείλετο
759 2030 994 2074 ὑποσχόμενος
1011 2032 1048 2063 ἐν
1065 2032 1210 2070 πολλοῖς
1232 2032 1339 2064 αὑτὸν
1355 2031 1543 2064 λυσιτελέσι
1565 2029 1710 2074 (Steph.

238 2085 411 2123 λυσιτελῆ.
427 2083 467 2116 F.
481 2084 714 2124 λυσιτελήσειν
728 2084 865 2128 absque
883 2085 1041 2129 γενέσθαι
1056 2084 1141 2118 olim
1163 2085 1356 2129 Scriptum)
1373 2084 1527 2130 γενέσθαι
1543 2089 1586 2129 τῇ
1598 2086 1709 2119 πόλει·

239 2141 294 2172 καὶ
308 2140 367 2171 οὐκ
384 2138 560 2181 ἐψεύσατο.
577 2139 594 2171 ὁ
617 2141 681 2183 γὰρ
708 2140 883 2184 Λεωγόρας
898 2142 1047 2179 πολλοὺς
1070 2140 1219 2185 διήλεγξε
1245 2142 1404 2186 χρήματα
1431 2141 1573 2185 δημόσια
1594 2147 1708 2188 νοσφι-

240 2194 416 2237 σαμένους,
431 2195 487 2226 καὶ
501 2194 594 2238 ἕτερα
612 2198 753 2228 τοιαῦτα
772 2198 1068 2239 παρανομοῦντας.
1095 2195 1274 2239 εὐδοκιμῶν
1291 2195 1323 2228 δὲ
1341 2196 1396 2228 ἐπὶ
1414 2199 1486 2234 τοῖς
1502 2195 1710 2239 πολιτεύμα-

240 2261 294 2281 σιν
311 2249 328 2281 ὀ
341 2248 538 2290 Ἀνδοκίδης
553 2245 689 2283 ἐπέθετο
706 2251 917 2294 ναυκληρίαν
934 2250 971 2293 (l.
992 2249 1194 2295 ναυκληρίᾳ)
1213 2252 1268 2283 καὶ
1290 2254 1360 2290 τοῖς
1373 2264 1407 2283 τε
1430 2251 1593 2295 Κυπρίων
1609 2251 1709 2292 βασι-

239 2304 332 2335 λεῦσι
349 2303 442 2342 ξένος
458 2304 600 2348 ἐγένετο,
613 2306 668 2337 καὶ
682 2307 823 2345 πολλοῖς
835 2307 954 2344 ἄλλοις
969 2305 1124 2349 δοκίμοις,
1144 2307 1244 2346 ἡνίκα
1267 2308 1321 2339 καὶ
1345 2305 1513 2350 θυγατέρα
1534 2308 1597 2350 μὲν
1618 2305 1709 2350 Ἀρι-

239 2357 381 2399 στείδου,
400 2359 549 2402 ἀνεψιὰν
567 2359 598 2392 δὲ
624 2361 738 2403 αὐτοῦ,
764 2364 832 2393 τῶν
849 2361 977 2394 οἰκείων
994 2361 1204 2404 ὑπεκκλέψας
1219 2361 1324 2405 δῶρον
1342 2361 1468 2405 ἔπεμψε
1481 2364 1530 2404 τῷ
1544 2363 1710 2405 Κυπρίων

240 2412 387 2453 βασιλεῖ.
401 2413 536 2456 μέλλων
559 2415 591 2447 δὲ
606 2415 651 2454 εἰς
665 2415 878 2458 δικαστήριον
903 2417 959 2448 ἐπὶ
977 2418 1019 2459 τῇ
1044 2419 1224 2461 κακουργίᾳ
1250 2417 1451 2460 εἰσάγεσθαι,
1467 2416 1574 2449 πάλιν
1598 2417 1710 2457 αὐτὴν

239 2467 310 2500 ἀπὸ
325 2468 466 2512 Κύπρου
491 2470 638 2510 κλέπτει,
656 2472 711 2503 καὶ
728 2471 832 2509 ἁλοὺς
844 2472 912 2505 ὑπὸ
929 2474 987 2504 τοῦ
1005 2472 1167 2515 Κυπρίων
1182 2471 1359 2514 βασιλέως,
1378 2471 1509 2516 δεσμοῖς
1528 2471 1709 2516 παρεδόθη·

239 2522 390 2566 κᾴκεῖθεν
411 2523 444 2555 δὲ
462 2523 595 2568 διαδρὰς
612 2525 799 2569 ἐπεδήμησε
813 2529 856 2569 τῇ
881 2526 978 2559 πόλει
995 2526 1067 2559 κατ’
1083 2527 1188 2559 έκεῖνο
1202 2529 1327 2570 καιροῦ,
1347 2526 1449 2566 ἡνίκα
1469 2529 1540 2566 τοῖς
1555 2538 1711 2571 τετρακο-

241 2580 324 2616 σίοις
340 2579 381 2611 τὰ
400 2579 557 2611 πολιτικὰ
568 2582 805 2624 μετεχειρίζετο
829 2582 1025 2625 πράγματα·
1053 2581 1157 2621 δεθεὶς
1180 2581 1212 2614 δὲ
1226 2583 1280 2614 καὶ
1297 2582 1365 2615 ὑπὸ
1382 2581 1514 2616 τούτων
1530 2582 1639 2614 πάλιν
1651 2580 1714 2614 διέ-

240 2641 358 2678 φυγεν.
385 2633 487 2673 ἡνίκα
502 2634 533 2666 δὲ
548 2635 569 2674 ἡ
587 2636 766 2679 ὀλιγαρχία
789 2637 970 2677 κατελύθη,
991 2636 1299 2681 ἐφυγαδεύθη”τῆς“
1311 2638 1453 2676 πόλεως·
1479 2638 1532 2670 καὶ
1546 2638 1583 2670 ἐν
1604 2636 1715 2669 Ἠλίδι

239 2690 302 2721 τὸν
318 2691 380 2728 τῆς
403 2690 513 2732 φυγῆς
529 2689 656 2732 χρόνον
674 2689 861 2733 διατρίψας,
881 2695 949 2723 τῶν
971 2694 1046 2735 περὶ
1069 2692 1313 2735 θρασὺβουλον
1342 2692 1636 2732 κατεληλυθότων,
1655 2692 1710 2724 καὶ

239 2744 343 2783 αὐτὸς
356 2743 661 2787 συγκατελήλυθεν·
680 2745 818 2788 αἱρεθεὶς
829 2745 861 2777 δὲ
872 2748 946 2789 περὶ
958 2749 1021 2785 τῆς
1037 2746 1171 2790 εἰρήνης
1183 2746 1228 2784 εἰς
1238 2746 1470 2790 Λακεδαίμονα
1487 2745 1702 2789 πρεσβεύειν,

239 2800 294 2831 καὶ
310 2798 436 2831 ἀδικεῖν
453 2798 550 2837 δόξας
563 2798 671 2842 ἔφυγε.
721 2799 848 2832 Τούτου
873 2799 904 2831 δέ
921 2801 1015 2833 ἐστιν
1034 2802 1279 2845 ἐπώνυμος·καὶ
1303 2801 1439 2845 Ἑρμῆς,
1461 2799 1638 2846 ἀνάθημαῖ
1647 2804 1710 2845 μὲν

238 2854 347 2895 φυλῆς
363 2853 532 2897 Αἰγηΐδος,
552 2853 743 2893 ἐπικληθεὶς
760 2853 791 2886 δὲ
807 2853 1012 2894 Ἀνδοκίδου,
1027 2854 1109 2887 διότι
1126 2856 1275 2896 πλησίον
1290 2857 1393 2888 αὐτοῦ
1410 2855 1604 2897 Ἀνδοκίδης
1619 2856 1707 2900 ᾤκει.

175 2905 276 2940 690δί
303 2918 417 2941 unum
443 2907 584 2951 legeris,
607 2911 802 2952 utrumque
828 2907 968 2951 legeris,
993 2908 1061 2941 nisi
1087 2909 1186 2952 quod
1200 2908 1298 2953 ji11a‚{
1312 2920 1395 2953 quae
1427 2909 1578 2944 Photius
1612 2921 1710 2944 com-

238 2965 421 2996 mentatus
439 2966 505 3006 est,
525 2963 614 2997 alter
629 2963 802 2997 mendose
822 2966 859 2998 et
877 2966 1122 3008 σολοικοφανῶς
1144 2964 1346 3008 exscripsit.
1382 2964 1593 2999 Andocides
1610 2964 1708 2999 Leo-

236 3025 333 3058 gorae
352 3017 400 3052 fil.
417 3017 624 3062 (hucusque
641 3018 767 3052 saltem
792 3021 901 3061 recte,
921 3021 955 3052 et
970 3018 1080 3062 juxta
1107 3029 1262 3054 marmor
1279 3020 1377 3064 apud
1395 3020 1502 3056 Fulv.
1532 3020 1706 3056 Ursinum
