1839 3229
244 192 299 232 20
618 192 652 232 I.
684 189 946 232 TAYLORI
982 188 1313 231 PRAEFATIO.

245 294 419 341 Palatini,
442 296 624 346 quoniam
645 297 681 334 iu
702 309 748 334 eo
769 296 954 334 asservari
976 294 1127 332 videtur
1143 294 1269 344 Lysiae
1292 293 1430 331 Oratio
1456 297 1595 331 contra
1617 292 1690 330 Ni-

245 356 342 394 ciam
362 356 535 395 nondum
552 358 656 396 edita
675 365 714 396 et
733 357 956 408 fragmentis
976 355 1218 393 solummodo
1237 354 1434 404 aliquibus
1453 360 1558 394 nota.

297 419 429 468 Atque
444 419 530 457 haec
545 419 624 458 fere
639 425 742 465 sunt,
763 431 850 469 quoe
870 423 914 456 ut
934 417 1062 462 scires,
1083 423 1148 454 tua
1161 423 1200 454 et
1220 429 1304 454 mea
1324 415 1510 454 interesse
1530 415 1693 453 arbitra-

245 477 327 517 bar.
384 479 445 517 Sis
462 480 608 518 interea
623 481 860 524 admonitus,
881 491 1007 528 neque
1027 478 1128 516 enim
1147 491 1168 516 a
1189 477 1278 515 loco
1298 476 1464 515 alienum
1490 490 1574 515 esse
1600 475 1693 514 duxi

242 540 467 588 admonere,
495 556 553 581 me
583 542 621 580 in
647 543 669 581 J
676 540 959 591 urisprudentia
978 541 1112 579 Attica
1140 553 1239 592 pene
1270 546 1393 579 totum
1424 545 1463 578 et
1491 539 1554 578 isti
1584 539 1696 591 quasi

242 604 367 654 glebae
393 605 692 655 adscriptitium,
714 603 987 642 Demosthenis
1015 609 1139 642 totum
1166 602 1273 654 quod
1301 608 1492 653 superest,
1512 608 1693 640 accurate

242 664 292 702 ad
322 665 439 704 fidem
471 667 598 704 Codd.
627 666 985 716 Manuscriptorum
1006 665 1237 703 recensitum
1264 664 1372 715 prelo
1392 663 1517 702 indies
1536 676 1694 714 parare;

242 726 365 766 eidem
386 729 613 780 aequissimis
635 728 938 774 conditionibus,
952 733 1006 776 et,
1024 728 1055 765 si
1070 727 1109 766 id
1125 728 1232 774 velis,
1247 728 1341 768 Tuis
1355 727 1691 780 committendum.

245 789 369 840 Cujus
387 792 567 830 editionis
588 791 770 839 rationes,
792 790 948 829 modum
968 796 1008 828 et
1027 789 1188 828 formam
1210 789 1302 828 mihi
1320 790 1370 828 ab
1389 790 1446 835 iis,
1468 802 1633 840 quorum
1652 789 1692 828 id

241 851 429 899 intererit,
449 853 650 904 praescribi
671 862 909 904 exoptarem,
935 850 1098 890 consilio
1119 851 1230 901 quasi
1248 851 1408 903 publico
1428 851 1475 900 (si
1495 851 1592 890 tanti
1610 864 1694 890 esse

241 912 447 960 videbitur,
464 922 582 967 atque
601 929 646 954 ea
667 915 717 953 de
731 928 772 953 re
788 915 918 965 aliquo
932 913 1087 953 demum
1104 919 1221 964 pacto
1234 914 1430 952 conveniri
1451 915 1599 964 potest)
1617 925 1695 952 non

243 987 329 1013 meo
351 989 502 1015 usurus.
559 978 613 1016 Ut
638 978 894 1029 plurimorum
922 975 1039 1027 igitur
1065 976 1162 1014 votis
1181 974 1313 1025 aliquo
1334 974 1451 1013 modo
1471 974 1694 1014 satisfacere

242 1038 400 1087 possim,
422 1038 570 1077 institui
593 1039 736 1077 interea
767 1040 805 1076 in
833 1039 960 1076 animo
988 1051 1088 1084 meo,
1118 1036 1500 1087 tot.exemplaribus‚
1522 1043 1619 1087 quot
1639 1050 1692 1075 sc.

238 1099 343 1137 istud
367 1100 570 1139 consilium
592 1114 668 1139 non
690 1101 881 1150 ingratum
908 1099 990 1137 fore
1012 1098 1207 1136 videbitur
1226 1097 1452 1143 lectoribus,
1472 1097 1695 1136 vernacula-

240 1174 329 1207 rem,
352 1174 467 1211 quam
489 1159 642 1208 vocant,
662 1162 1024 1211 interpretationem
1049 1159 1298 1209 subjungere,
1321 1159 1382 1197 vel
1407 1172 1490 1197 mea
1515 1160 1574 1198 vel
1599 1160 1695 1198 ami-

238 1236 371 1261 corum
394 1224 651 1274 quorundam,
673 1224 742 1274 qui
761 1223 799 1261 id
817 1222 945 1261 oneris
959 1221 1040 1271 jam
1062 1222 1100 1259 in
1115 1233 1155 1258 se
1171 1220 1426 1272 susceperint,
1445 1234 1564 1271 opera
1579 1221 1695 1261 ador-

239 1284 431 1334 nandam3
461 1286 599 1323 ceteris
619 1286 820 1325 Latinam:
850 1284 929 1322 sive
951 1283 1145 1334 vulgatam
1165 1281 1310 1328 Wolfii‚
1330 1282 1408 1320 sive
1428 1282 1604 1329 aliorum,
1627 1284 1695 1335 qui

238 1347 277 1384 in
309 1346 567 1397 singularibus
596 1347 836 1386 orationibus
862 1345 1055 1383 vertendis
1082 1358 1170 1383 eum
1201 1350 1269 1382 aut
1298 1343 1376 1382 fide
1409 1349 1477 1382 aut
1504 1344 1696 1396 elegantia

238 1408 472 1459 praeiverint,
500 1408 579 1446 sive
606 1408 790 1459 denique,
818 1407 883 1445 ubi
906 1407 1085 1456 utrinque
1107 1419 1167 1444 res
1187 1404 1394 1444 infeliciter
1410 1406 1584 1453 cesserit,
1603 1420 1694 1457 pro-

238 1470 330 1521 priis
349 1469 547 1508 laboribus
567 1470 615 1508 de
635 1483 736 1508 novo
756 1468 1077 1508 concinnandam.
1118 1468 1335 1505 Multorum
1352 1467 1514 1505 consilio
1533 1467 1694 1520 adjungi

238 1532 353 1570 velim
373 1532 646 1569 nonnullorum
675 1531 836 1582 gratiam
865 1538 904 1569 et
936 1529 1219 1577 auctoritatem,
1249 1529 1390 1580 quibus
1423 1529 1520 1567 alius
1548 1530 1696 1579 pollere

238 1600 367 1644 potest
406 1594 443 1630 in
466 1593 751 1644 Exemplarium
790 1592 1148 1642 Manuscriptorum
1181 1590 1322 1629 notitia
1357 1591 1695 1637 communicanda,

237 1656 333 1693 alius
353 1656 390 1692 in
409 1668 539 1693 eorum
562 1669 634 1693 usu
655 1661 695 1693 et
717 1654 942 1693 conferendi
963 1653 1148 1692 facilitate
1168 1651 1425 1703 expedienda.
1470 1653 1605 1690 Meum
1624 1653 1697 1692 erit

236 1717 409 1754 laborem
443 1716 480 1753 in
510 1716 664 1754 edendo
699 1716 914 1767 proprium,
946 1714 1115 1754 fructum
1150 1715 1316 1755 alienum
1344 1714 1538 1764 judicare.
1595 1715 1695 1755 Haec

238 1787 365 1817 tamen
385 1778 513 1815 onmia
532 1792 576 1815 ea
596 1778 821 1816 conditione
836 1791 857 1815 a
873 1790 931 1815 ine
949 1776 1067 1823 dicta,
1082 1784 1200 1826 atque
1215 1776 1289 1814 hoc
1302 1775 1453 1814 consilii
1469 1782 1694 1827 susceptum

236 1841 445 1884 existimes,
465 1840 496 1877 si
522 1852 659 1889 nempe
679 1852 764 1877 mea
784 1852 915 1889 opera,
938 1838 1034 1876 fides
1062 1844 1101 1876 et
1127 1837 1345 1887 diligentia,
1373 1849 1490 1886 quam
1516 1838 1634 1877 hodie
1654 1839 1694 1877 in

239 1901 352 1953 Lysia
371 1901 444 1940 eris
464 1908 755 1952 perspecturus,
782 1913 827 1938 ea
854 1900 925 1937 tibi
947 1899 1152 1946 videbitur,
1177 1899 1240 1936 cui
1264 1898 1565 1937 Demosthenem
1585 1912 1693 1938 com-

237 1965 388 2002 mittas:
410 1963 522 2001 aliter
543 1963 646 2000 dicta
664 1975 737 2013 pro
760 1961 927 2006 indictis,
943 1960 1144 1999 consilium
1167 1966 1390 2009 susceptum
1410 1972 1482 2009 pro
1499 1959 1693 2012 deposito,

236 2026 405 2077 accipias
425 2025 549 2063 velim.
607 2025 746 2074 Neque
768 2023 869 2061 enim
889 2023 962 2072 legi
984 2029 1061 2060 tum
1084 2022 1256 2060 sitienter
1276 2027 1432 2072 expeto,
1451 2027 1493 2059 ut
1507 2035 1585 2060 non
1602 2023 1695 2062 Edi-

238 2089 332 2127 toris
363 2099 502 2125 nomeu
527 2099 614 2124 cum
646 2086 777 2136 aliquo
812 2085 973 2135 legentis
1008 2083 1166 2122 fastidio
1199 2082 1451 2132 conjunctum
1486 2095 1600 2134 quam
1635 2084 1693 2128 ci-

236 2150 383 2188 tissime
416 2161 662 2199 respuerem:
693 2160 820 2197 neque
852 2159 874 2183 a
903 2147 1017 2184 rebus
1047 2145 1134 2183 aliis
1163 2150 1310 2183 tantum
1340 2144 1409 2182 otii
1441 2150 1577 2182 nactus
1606 2144 1692 2193 sim,

237 2218 279 2250 ut
298 2211 379 2248 sine
400 2210 683 2261 Exeinplariuni
713 2208 920 2247 collatione
948 2207 1053 2246 (lomi
1081 2207 1313 2246 exercitatus
1333 2219 1417 2249 esse
1441 2220 1518 2246 non
1537 2209 1693 2259 possim.

237 2273 341 2311 Vale.

280 2386 395 2415 Dabam
418 2398 431 2412 ι,
460 2384 600 2422 Collegio
630 2385 667 2412 D.
691 2382 811 2412 Ioannis
837 2382 961 2411 cantab.

329 2428 424 2457 Nonis
442 2427 571 2466 August.
591 2427 619 2455 M
629 2425 912 2457 DCCXXXVIH.
