1839 3229
246 183 327 224 136
810 181 846 223 Ι.
878 179 1143 224 TAYLORI

239 280 523 316 Atheniensibus
546 281 642 316 enim
668 281 703 316 id
722 283 944 327 praeoonium
964 293 1035 316 non
1052 280 1179 323 defuit,
1197 291 1316 326 neque
1330 291 1372 315 ea
1399 280 1488 315 ratio
1515 280 1701 315 immorta-

239 336 368 372 litatis:

428 392 453 410 “
464 392 579 426 Fama
594 391 710 425 minor
726 391 846 425 factis:
876 391 972 435 ipsos
989 401 1073 424 nam
1087 391 1236 425 credere
1253 391 1402 434 dignum

427 447 636 487 Coelicolas,
651 445 759 479 tellus
775 445 909 490 quibus
925 445 1066 490 hospita
1079 456 1221 490 semper
1236 445 1408 489 Athenae,

428 501 507 535 Ceu
525 502 644 544 Leges
657 500 915 545 hominemque
931 511 1080 543 novum,
1097 500 1281 545 ritumque
1293 510 1489 542 sacrorum,

425 555 645 599 Seminaque
660 555 697 588 in
713 565 847 589 vacuas
862 555 945 588 hinc
959 554 1217 589 descendentia
1233 558 1356 597 terras,

425 611 486 643 Sic
503 619 661 643 sacrasse
678 610 758 644 loco
770 620 963 644 commune
980 609 1224 645 animantibus
1242 611 1348 655 aegris

426 663 684 709 Confugium.”

1071 713 1163 747 Stat.
1182 712 1279 747 XII.
1297 711 1412 747 Theb.
1430 713 1510 746 499.
1535 761 1539 764 ι

426 769 450 786 “
462 768 596 802 Primae
614 768 802 813 frugiferos
815 768 928 803 foetus
943 768 1155 802 mortalibus
1171 768 1280 812 aegris

426 823 648 857 Didideruut
663 824 848 868 quondam
865 824 1039 868 praeclaro
1054 824 1199 858 nomine
1215 824 1385 867 Athenae,

427 878 477 912 Et
494 882 747 914 recreaverunt
765 878 887 921 vitam,
902 879 1093 924 Legesque
1110 878 1314 923 rogarunt.'’

1078 934 1226 968 Lucret.
1239 935 1262 968 l.
1277 937 1312 968 6.
1326 934 1405 968 init.

237 985 323 1021 Non
347 987 479 1022 mirum
497 989 552 1022 est
570 988 689 1032 igitur,
706 990 851 1032 gentem
869 999 912 1022 ea
929 988 1053 1022 Civilis
1069 988 1238 1023 S‘cientiae
1256 988 1465 1023 celebritate
1491 990 1528 1022 et
1544 987 1698 1033 antiquie

238 1044 313 1076 tate
330 1043 462 1077 ceteris
479 1043 550 1077 ferc
567 1043 735 1077 omnibus
751 1046 788 1077 et
810 1044 907 1087 leges
936 1046 973 1078 et
993 1043 1076 1087 jura
1092 1044 1287 1088 imponere,
1311 1043 1618 1088 quemadmodum
1641 1046 1697 1076 te-

239 1099 354 1131 statur
376 1099 531 1133 Pericles
560 1100 657 1144 apud
685 1099 849 1142 Thucyd.
868 1099 891 1133 l.
910 1102 945 1133 2.
988 1099 1117 1134 Cicero
1138 1099 1285 1144 quidem
1303 1109 1370 1144 pro
1387 1098 1533 1133 Flacco.
1582 1097 1697 1132 “Ad-

237 1155 324 1186 sunt
339 1153 594 1195 Athenienses,
610 1155 708 1188 unde
724 1154 943 1197 humanitas,
962 1154 1138 1197 doctrina,
1157 1155 1295 1199 religio,
1311 1154 1442 1198 fruges,
1459 1153 1561 1195 Jura,
1579 1153 1698 1197 Leges

234 1210 335 1251 ortae,
355 1210 464 1253 atque
480 1209 517 1242 in
534 1209 648 1242 omnis
666 1211 775 1243 terras
793 1208 998 1243 distributae
1014 1208 1226 1254 putantur.'’
1274 1209 1464 1251 Quantum
1481 1207 1636 1243 eontulit
1651 1207 1697 1241 ad

231 1261 562 1307 Jurisprudentiam
582 1263 802 1305 Romanam,
819 1276 902 1309 quae
919 1265 1003 1299 huie
1028 1266 1164 1310 populo
1190 1264 1395 1299 diuturnius
1411 1267 1449 1299 et
1463 1265 1569 1299 latius
1585 1264 1698 1308 impe-

231 1317 338 1360 rium,
355 1329 463 1362 quam
486 1318 626 1359 Virtus,
653 1320 804 1363 peperit,
831 1320 943 1354 satius
968 1322 1023 1354 est
1050 1320 1187 1353 discere
1204 1331 1254 1357 ex
1271 1320 1375 1353 istius
1389 1319 1506 1362 gentis
1522 1322 1559 1354 et
1571 1319 1698 1353 Histo-

231 1371 292 1405 riae
319 1374 357 1406 et
375 1372 475 1407 Juris
501 1375 758 1416 monumentis,
788 1386 872 1419 quae
899 1378 1106 1419 supersunt.
1158 1374 1341 1409 Ammian.
1364 1374 1570 1408 Marcellin.
1590 1375 1614 1409 l.
1637 1377 1696 1408 22.

233 1426 349 1460 “Solo
376 1428 524 1472 adjutus
553 1429 741 1463 sententiis
772 1430 923 1474 AEgypti
951 1429 1191 1464 Sacerdotium
1218 1429 1300 1463 latis
1321 1429 1423 1474 justo
1450 1430 1698 1464 moderamine

232 1481 396 1526 Legibus
426 1484 593 1517 Romano
619 1494 765 1528 quoque
790 1484 870 1518 Juri
890 1485 1091 1518 maximum
1115 1484 1256 1518 addidit
1281 1483 1583 1518 firmamentum?
1629 1485 1697 1518 Ille

230 1540 339 1580 certe,
356 1538 385 1571 si
400 1549 471 1571 non
488 1540 667 1584 νομοθεσίᾳ
685 1539 954 1584 .AEgyptiorum‚
973 1550 1098 1573 eorum
1116 1542 1239 1573 tamen
1256 1541 1293 1573 et
1315 1538 1478 1573 consiliis
1503 1541 1540 1573 et
1556 1539 1697 1585 sapien-

230 1591 281 1624 tia
297 1603 384 1626 usus
399 1593 513 1627 multa
529 1594 564 1627 in
584 1605 651 1627 sua
667 1594 961 1638 Jurisprudentia
979 1594 1179 1639 symbolice
1198 1596 1374 1638 instituit;
1400 1597 1454 1631 uti
1472 1596 1695 1647 Pythagoras

228 1645 394 1689 ejusdem
411 1647 597 1692 sapientiae
614 1650 815 1688 consultus,
833 1650 948 1684 multa
964 1649 1002 1683 in
1022 1650 1153 1684 Italica
1170 1650 1301 1685 Schola
1327 1651 1520 1686 condenda
1544 1662 1695 1696 suaeque

228 1700 464 1747 philosophiae
482 1704 676 1747 praeceptis
692 1704 893 1745 tradendis,
922 1705 1184 1749 AEgyptiacum
1202 1705 1248 1739 ad
1266 1716 1402 1740 morem
1417 1716 1482 1750 per
1499 1706 1695 1750 aenigmata

232 1767 433 1803 rerumque
453 1758 672 1793 simulachra
689 1759 825 1793 docuit.
877 1759 1100 1803 Hujusmodi
1119 1762 1174 1794 est
1192 1760 1394 1804 sapientiae,
1412 1761 1510 1806 quod
1525 1761 1609 1795 Solo
1625 1763 1702 1800 ἄξο-

228 1826 293 1853 νας
305 1814 378 1847 sive
394 1814 538 1848 tabulas
553 1814 666 1855 Juris,
684 1815 720 1848 in
738 1814 871 1859 quibus
888 1814 1006 1848 officia
1023 1815 1170 1849 Civium
1193 1815 1495 1857 describerentur,
1512 1816 1591 1850 illas
1607 1827 1696 1861 prae-

228 1867 440 1911 scriptiones
454 1869 658 1911 verborum,
675 1870 723 1904 ad
739 1880 831 1913 quas
841 1879 1144 1914 unumquemque
1159 1880 1197 1902 se
1213 1870 1488 1904 accommodare
1502 1872 1538 1904 et
1552 1881 1698 1916 compo—

228 1933 316 1957 nere
333 1927 527 1967 oporteret,
543 1926 581 1958 ’A
592 1927 667 1970 νάγ
678 1940 695 1959 κ
705 1939 724 1967 η
733 1940 750 1965 ς
766 1927 787 1958 ἄ
799 1940 819 1960 r
828 1939 875 1970 ρα
885 1940 902 1959 κ
911 1939 930 1959 τ
941 1939 958 1959 ο
967 1940 1000 1966 ν,
1020 1925 1389 1971 Necessitatisfusum,
1406 1927 1560 1961 vocavit.
1587 1927 1696 1962 Insti-

228 1979 300 2013 tuit
320 1980 431 2021 idem,
465 1983 505 2014 ut
530 1992 578 2015 ex
605 1981 695 2016 Poll.
726 1981 758 2014 Ι.
791 1983 845 2015 12.
872 1982 1057 2024 discimus,
1074 1983 1151 2022 τὰς
1175 1982 1338 2026 νύμφας
1363 1982 1507 2023 ἰούσας
1530 1984 1595 2016 ἐπὶ
1620 1987 1697 2018 τὸν

229 2035 366 2079 γάμον
390 2036 627 2081 φρύγετρον
652 2038 792 2082 φέρειν
825 2041 1017 2080 σημεῖον.
1077 2036 1284 2072 Admonuit
1309 2036 1446 2072 scilicet
1468 2047 1597 2072 novam
1624 2049 1695 2074 nu-

227 2092 340 2134 ptam,
354 2101 417 2124 vas
433 2091 529 2125 istud
547 2092 802 2134 domesticum,
832 2091 937 2136 cujus
953 2102 1022 2136 ope
1037 2091 1156 2135 fruges
1173 2092 1297 2126 torreri
1314 2093 1442 2134 solitae,
1459 2093 1509 2127 illi
1526 2093 1697 2129 domesti-

228 2155 272 2179 ca
288 2146 410 2180 omnia
421 2146 538 2181 officia
554 2159 746 2192 rerumque
762 2147 991 2182 familiarium
1008 2147 1358 2182 administrationem
1376 2159 1473 2182 curae
1488 2159 1566 2183 esse
1591 2160 1695 2194 opor-

227 2204 318 2236 tere.
368 2203 405 2236 Si
418 2204 605 2248 φρύγετρον
621 2215 685 2248 per
703 2203 879 2237 Farreum
893 2205 1055 2247 exponat
1071 2203 1220 2243 Plinius,
1237 2203 1345 2237 credo
1360 2214 1446 2238 eum
1461 2203 1618 2238 duorum
1631 2215 1694 2249 po-

228 2257 396 2300 pulorum
413 2258 581 2292 instituta
591 2258 875 2300 eommiscuisse,
895 2257 1222 2304 Consurreationem
1235 2269 1286 2292 sc.
1304 2258 1568 2300 Romanorum,
1583 2261 1692 2304 atque

229 2310 323 2344 hunc
339 2312 479 2346 Solonis
504 2314 625 2356 ritum,
649 2314 713 2348 ubi
727 2314 780 2348 ait
797 2313 955 2348 XVIII.
974 2316 1011 2347 3.
1061 2314 1083 2331 “
1100 2313 1201 2355 Quin
1220 2315 1258 2347 et
1279 2313 1318 2348 in
1341 2314 1450 2348 sacris
1466 2313 1555 2348 nihil
1572 2315 1693 2359 religi-

230 2365 328 2400 osius
342 2367 646 2403 Confarreationis
665 2370 809 2403 vinculo
826 2371 913 2403 erat.
965 2368 1157 2413 Novaeque
1174 2372 1299 2413 nuptae
1328 2369 1503 2404 Farreum
1525 2370 1693 2414 praefere—

230 2419 357 2455 bant.”
414 2421 495 2465 Ego
523 2425 646 2457 autem
680 2433 810 2468 pergo:
838 2423 947 2457 Cavit
975 2423 1073 2457 idem
1105 2423 1311 2467 Legislator
1342 2426 1419 2464 τὴν
1444 2425 1610 2468 νύμφην
1641 2429 1697 2469 τῷ

233 2478 390 2520 νυμφίῳ
416 2480 830 2522 συγκατακλίνεσθαι
854 2479 992 2524 μήλου
1010 2479 1217 2512 κυδωνίου
1234 2480 1695 2523 συγκατατράγουσαν,

236 2531 277 2563 ut
292 2530 401 2564 refert
417 2531 634 2566 Plutarchus
650 2533 686 2566 in
702 2533 834 2568 Solone
852 2537 889 2567 et
904 2533 942 2566 in
957 2533 1079 2567 libello
1094 2534 1360 2577 Praeceptorum
1375 2532 1566 2577 Conjugal.
1589 2536 1696 2569 αἰνιτ-

151 2602 216 2634 707
237 2586 387 2630 τόμενος,
400 2585 511 2629 juxta
524 2587 680 2621 eundem
700 2591 898 2630 auctorem,
911 2589 962 2622 ὅτι
984 2589 1031 2622 δεῖ
1046 2591 1113 2630 τὴν
1126 2589 1197 2622 ἀπὸ
1215 2589 1382 2632 στόματος
1398 2590 1452 2621 καὶ
1465 2592 1579 2633 φωνῆς
1595 2590 1697 2634 χάριν

237 2640 442 2685 εὐάρμοστον
460 2639 547 2675 εἶναι
564 2644 703 2686 πρώτην
720 2646 775 2676 καὶ
798 2644 926 2683 ἡδεῖαν.
978 2643 1089 2676 Porro
1113 2643 1228 2677 multa
1258 2641 1433 2677 habemus
1455 2643 1493 2676 in
1520 2643 1696 2678 Themide

235 2695 373 2738 Attica,
390 2707 474 2740 quae
492 2697 747 2740 AEgyptiacam
777 2697 953 2740 originem
983 2698 1112 2731 referre
1141 2697 1344 2733 videantur.
1396 2698 1442 2732 In
1468 2697 1536 2731 hoc
1564 2699 1700 2744 populo

236 2749 339 2794 mffas
355 2750 553 2786 habebatur
567 2762 703 2786 servum
716 2751 886 2786 hominem
902 2751 1067 2795 occidere,
1086 2763 1158 2786 non
1175 2753 1272 2796 quod
1289 2752 1386 2797 apud
1404 2751 1568 2796 profanas
1580 2755 1698 2796 gentis

237 2806 339 2839 tanta
355 2808 432 2839 erat
444 2806 707 2851 mancipiorum
726 2817 813 2840 cura
831 2810 895 2841 aut
911 2806 1122 2847 reverentia,
1138 2817 1276 2848 verum,
1291 2809 1332 2840 ut
1351 2807 1528 2841 rationem
1547 2810 1699 2853 exponit

235 2861 466 2902 gravissimus
482 2863 607 2896 auctor
620 2861 729 2895 Diod.
749 2861 821 2895 δίο.
840 2862 862 2895 l.
877 2864 910 2896 1.
930 2862 983 2895 διὰ
996 2865 1060 2902 τῆς
1076 2866 1145 2895 τῶν
1156 2862 1286 2895 δούλων
1298 2863 1472 2906 φροντίδος
1488 2865 1547 2896 ἐθί
1557 2865 1625 2901 ζον
1635 2877 1673 2897 τε
1684 2878 1701 2902 ς

236 2918 315 2955 τοὺς
326 2917 525 2961 ἀνθρώπους
543 2931 569 2951 π
579 2920 652 2951 ολὺ
665 2932 688 2962 μ
697 2919 800 2950 ἄλλο
811 2932 831 2951 ν
847 2919 893 2958 εἰς
906 2920 982 2956 τοὺς
995 2917 1187 2961 ἐλευθέρους
1198 2920 1245 2961 μὴ
1264 2917 1334 2950 δεῖν
1347 2917 1433 2957 ὅλως
1446 2919 1697 2963 ἐξαμαρτάνειν.

238 2968 378 3004 Eadem
400 2976 475 3006 erat
492 2973 639 3006 omnino
659 2972 757 3017 apud
784 2971 1017 3006 Atheniensis
1034 2982 1134 3013 cura,
1149 2982 1305 3016 quorum
1324 2974 1401 3005 erat
1421 2973 1608 3016 sapientia,
1627 2982 1698 3007 non

236 3030 462 3071 exspectare,
479 3032 519 3063 ut
535 3029 797 3073 suppliciorum
822 3027 1013 3064 severitate
1032 3026 1268 3065 vindicarent,
1288 3026 1383 3071 quod
1413 3027 1485 3061 fieri
1508 3037 1578 3061 non
1596 3036 1701 3071 opor-
