1819 3219
529 176 860 219 LECTIONES
897 175 1183 216 LYSIACAE.
1501 179 1580 218 153

131 289 213 323 Vile
228 298 312 330 ergo
329 287 425 329 apud
443 285 626 330 Antiquos
643 283 800 318 Musicae
818 284 932 316 omnis
950 283 1199 321 ministerium,
1224 285 1274 317 nti
1300 287 1485 328 praesumit
1503 286 1585 319 Ari-

129 345 211 377 stoi.
231 341 337 375 Polit.
356 341 378 375 Ι.
400 344 430 374 l.
482 342 594 379 Οὕτως
611 341 637 374 εἰ
653 340 686 372 αἱ
702 339 841 384 κερκίδες
858 339 1019 382 ἐκέρκιζον
1036 341 1147 380 αὐταὶ,
1160 341 1214 372 καὶ
1232 341 1274 372 τὰ
1293 341 1492 383 πλῆκτρα
1510 344 1584 374 ἐκι-

127 398 308 442 θάριζεν,
326 397 422 430 οὐδὲν
439 399 483 429 ἂν
494 396 556 430 ἔδει
570 397 643 429 οὔτε
655 399 725 434 τοῖς
741 394 970 439 ἀρχιτέκτοσιν
985 395 1174 437 ὑπηρετῶν,
1185 394 1259 426 οὕτε
1274 397 1343 433 τοῖς
1359 394 1512 429 ὂεσπότ
1523 410 1586 436 αις

127 453 298 486 δούλων.
348 452 487 486 Verum
513 452 603 493 haec,
620 450 772 494 inquies,
789 451 894 482 extra
911 449 1020 482 oleas.
1070 448 1181 482 Volui
1200 451 1322 482 autem
1344 449 1423 482 aliis
1440 449 1584 492 dispici-

126 507 262 549 endum
280 517 489 551 proponere,
503 516 613 551 quare
628 504 783 539 Athenis
800 504 883 537 solis
902 503 1209 537 Dardanariorum
1223 507 1388 548 quaestus
1404 503 1586 537 illiberalis

126 560 331 604 haberetur,
347 563 383 594 et
399 561 556 605 ingenuo
573 559 716 593 homine
734 559 914 602 indiguus
966 559 1073 593 Nunc
1092 558 1210 592 redeo.

772 671 933 706 XXIII.

236 757 335 783 τοΎΣ
351 759 403 782 ΤΑ
421 757 676 782 ΑΠΟΛΛΎΜΕΝΑ
694 757 777 781 τοιΣ
795 757 980 781 ΚΛΕΠΤΑΙΣ
998 757 1230 782 ΣτΝΕιΔοΤΑΣ
1248 756 1332 781 ‘rou
1348 756 1484 782 Αγτοιι

638 801 848 826 ΕΝΕΧΕΣΘΑΙ.
864 805 896 834 p.
915 797 987 826 832.
1005 805 1076 836 pen.

128 863 310 905 Quoniam
335 863 478 897 videtur
495 863 578 897 furti
604 863 769 896 conscius
793 874 888 908 opem
911 872 1026 904 suam,
1046 865 1108 896 aut
1135 863 1262 896 saltem
1283 861 1461 896 consilium
1486 862 1586 896 adhi-

126 917 257 952 buisse.
307 918 373 952 Ait
399 929 483 952 vero
500 918 637 952 Paulus
654 918 754 952 Sent.
774 918 925 961 Recept.
953 918 975 951 l.
1002 920 1036 950 2.
1056 918 1110 951 tit.
1128 917 1172 950 de
1190 916 1293 951 furtis
1322 917 1352 961 ξ.
1372 919 1428 951 10.
1457 917 1481 934 “
1500 917 1587 951 Non

126 974 279 1015 tantum,
303 974 365 1018 qui
384 973 516 1007 furtum
542 973 680 1015 fecerit,
699 973 762 1006 sed
786 972 892 1005 etiam
911 972 954 1013 is,
980 971 1084 1015 cujus
1106 982 1174 1015 ope
1199 975 1262 1006 aut
1280 972 1428 1006 consilio
1451 971 1586 1006 furtum

126 1025 261 1062 factum
284 1028 404 1071 suerit,
428 1028 512 1063 furti
530 1029 672 1062 actione
697 1026 916 1062 tenebitur.''
963 1027 1072 1068 Nam,
1088 1029 1111 1046 “
1131 1027 1264 1061 Pedius
1287 1028 1350 1071 ait,
1369 1029 1463 1062 sicut
1479 1038 1587 1062 nemo

125 1081 259 1116 furtum
272 1083 358 1117 facit
370 1083 446 1117 sine
460 1084 543 1118 dolo
553 1085 661 1124 ma10,
673 1083 724 1117 ita
738 1093 806 1117 nec
820 1082 1011 1116 consilium
1024 1083 1079 1116 vel
1089 1093 1192 1126 opem
1209 1082 1297 1116 ferre
1309 1083 1386 1116 sine
1398 1083 1481 1116 dolo
1492 1082 1587 1116 malo

127 1135 266 1179 posse.''
283 1138 307 1169 l.
323 1140 381 1171 50.
401 1137 430 1180 ξ.
447 1141 482 1172 2.
500 1139 547 1173 D.
566 1138 612 1173 de
628 1138 744 1172 furtis.
790 1138 914 1182 Atque
938 1139 989 1171 ita
1004 1138 1040 1171 in
1060 1137 1198 1181 legibus
1216 1137 1506 1181 wisigothorum
1523 1137 1586 1172 lib.

127 1196 161 1227 7.
188 1193 245 1227 tit.
264 1193 309 1227 de
325 1193 462 1228 furibus
477 1198 513 1229 et
529 1195 633 1229 furtis
650 1196 676 1240 ξ.
694 1198 726 1229 ¹7.
753 1195 778 1212 “
796 1195 882 1228 Non
904 1195 1018 1228 solum
1037 1195 1108 1237 ille,
1128 1196 1189 1238 qui
1208 1195 1341 1228 furtum
1370 1195 1504 1235 fecerit,
1524 1195 1587 1227 sed

126 1248 236 1283 etiam
262 1248 471 1293 quicunque
491 1251 641 1285 conscius
667 1249 786 1291 fuerit,
806 1249 861 1284 vel
884 1249 1004 1283 furtim
1029 1250 1149 1284 ablata
1176 1249 1294 1283 sciens
1318 1249 1532 1294 susceperit,
1550 1249 1587 1282 iu

130 1314 280 1338 numero
297 1303 492 1337 furantium
511 1302 695 1346 habeatur,
713 1308 750 1339 et
766 1304 873 1339 simili
888 1305 1047 1339 vindictae
1067 1303 1275 1350 subjaceat.''
1322 1305 1470 1338 Frustra
1496 1303 1587 1337 hanc

123 1359 216 1403 juris
229 1357 445 1403 particulam
462 1357 500 1391 in
518 1357 626 1392 Petiti
641 1359 898 1393 commentario
916 1360 1051 1393 diutius
1067 1358 1230 1403 quaesivi.

782 1471 938 1506 XXIV.

187 1556 554 1584 THOPPAMMATE‘TZAI
571 1557 645 1582 OTK
663 1556 790 1582 ΕΞΕΣΤΙ
808 1559 867 1582 ΔῙΣ
886 1557 959 1582 TON
976 1557 1101 1582 ATTON
1118 1558 1180 1582 ΤΗΙ
1199 1558 1304 1582 ΑΡΧΗΙ
1321 1558 1383 1582 ΤΗΙ
1400 1557 1525 1582 ΑΥΤΗΙ.

774 1605 806 1633 p.
823 1597 896 1625 865.
914 1599 943 1623 1.

130 1662 299 1707 Triginta
324 1663 410 1704 dies,
435 1664 472 1697 et
494 1662 592 1708 quod
618 1662 789 1704 excurrit,
821 1661 998 1695 scribatus
1025 1673 1172 1696 munere
1199 1662 1298 1706 fungi
1324 1665 1471 1696 cautum
1499 1665 1589 1696 erat.

130 1718 268 1752 Iterum
286 1719 354 1753 sub
372 1719 500 1752 eodem
519 1719 679 1752 Praetore
697 1717 743 1750 ad
759 1716 796 1750 id
813 1715 967 1750 officium
983 1716 1165 1750 admoveri
1183 1727 1253 1750 non
1273 1720 1448 1761 poterant.
1496 1718 1588 1751 Tam

129 1773 257 1815 sedulo
273 1773 338 1807 sibi
356 1773 452 1807 cavit
466 1784 486 1806 a
500 1771 668 1818 ministris
687 1771 839 1816 publicis
858 1771 998 1805 Civitas
1017 1770 1307 1805 Atheniensium.

794 1891 928 1926 XXV.

589 1976 733 2006 ΟΡΚΟΣ
752 1976 837 2004 ΤΩΝ
859 1976 1124 2006 ΒΟΥΛΕΥΤΩΝ.

451 2058 499 2080 ΤΑ
526 2056 709 2081 ΒΕΛΤΙΣΤΑ
735 2055 1041 2081 ΣΥΜΒΟΥΛΕΎΣΕῙΝ
1064 2057 1125 2081 Tffl
1150 2056 1274 2080 ΠΟΛΕΙ.

233 2125 448 2150 ΑΠΟΦΑΙΝΕῘΝ
465 2125 496 2148 EI
512 2125 569 2149 ΤΙΣ
586 2125 671 2148 ΤΙΝΑ
690 2124 775 2149 ΟΙΔΕ
791 2124 869 2148 ΤΩΝ
885 2123 1089 2149 ΛΑΧΟΝΤΩΝ
1107 2123 1377 2149 ΑΝΕΠΙΤΗΔΕΙΟΝ
1392 2125 1488 2149 ΟΝΤΑ

303 2166 308 2171 ’
463 2168 468 2170 ”
754 2167 970 2192 ΒΟΤΛΕΎἙῙΝ.

132 2231 260 2266 Habes
277 2231 353 2264 haec
371 2231 489 2274 capita
505 2241 538 2274 p.
557 2233 636 2264 887.
654 2233 686 2263 5.
736 2231 948 2264 Secundum
964 2242 984 2263 a
1003 2232 1121 2264 Petito
1138 2231 1344 2274 negligitur.

780 2343 937 2379 XXVI.

131 2430 164 2455 Ei
176 2429 237 2455 '1¹12
253 2428 429 2455 QPOTPION
453 2429 490 2453 Tl
507 2428 733 2454 ΠΡΟΥΔΩΚΕΝ
749 2429 922 2465 ΗΝΑΎΝΗ
947 2431 1220 2456 ΣΤΡΑΤΟΠΕΔΟΝ
1240 2432 1275 2456 ΤΙ
1293 2431 1334 2455 EN
1358 2432 1399 2456 m
1416 2432 1534 2465 ΜΕΡΟΣ
1552 2434 1588 2457 T1

173 2473 360 2498 ET'erANE
376 2473 454 2497 ΤΩΝ
469 2472 640 2497 ΠΟΛΙΤΩΝ
656 2472 739 2497 ΤΑΙΣ
759 2473 939 2498 ΕΣΧΑΤΑΙΣ
957 2474 1109 2500 ΖΗΜῙΑΙΣ
1124 2475 1368 2500 ΖΗΜΙΟΎΣΘΑῘ.
1382 2480 1414 2510 p.
1432 2472 1507 2501 886.
1523 2475 1554 2501 ἰ).

132 2534 451 2575 Quemadmodum
476 2533 513 2567 in
534 2534 618 2577 jure
644 2534 823 2576 Romam,
853 2536 875 2551 “
897 2535 1346 2581 Proditores‚‚transfugae‚
1376 2538 1589 2582 plerumque

130 2589 248 2634 capite
262 2588 464 2634 puniuntur
480 2591 517 2623 et
533 2589 759 2624 exauctorati
777 2591 1011 2634 torquentur:
1039 2601 1121 2625 nam
1141 2602 1203 2635 pro
1220 2591 1334 2633 hoste,
1351 2602 1421 2625 non
1439 2603 1503 2635 pro
1522 2593 1588 2626 mi-

129 2644 206 2688 lite,
228 2643 442 2679 habentur.”
464 2645 487 2680 l.
509 2647 544 2679 7.
564 2645 614 2679 D.
633 2645 678 2678 de
694 2656 734 2678 re
751 2644 893 2680 militar.
944 2646 1053 2688 Quod
1077 2647 1146 2681 Jus
1168 2647 1333 2681 Atticum
1357 2649 1518 2692 ἐσχάταις
1534 2650 1590 2688 ’ζη-

131 2701 231 2742 μίαις,
247 2700 453 2734 Romanum
468 2699 601 2745 Capite.
628 2700 837 2745 Aliquando
851 2701 978 2736 eadem
993 2702 1164 2747 loquendi
1177 2703 1373 2742 solennitas
1385 2703 1420 2736 in
1436 2705 1589 2746 utroque

127 2753 208 2795 jure
224 2756 454 2800 conspicitur.
487 2756 617 2790 Celsus
632 2756 728 2796 enim
755 2756 778 2789 l.
795 2758 853 2790 21.
874 2757 920 2791 D.
940 2757 985 2797 de
1004 2758 1136 2802 poenis,
1151 2758 1213 2797 ait,
1231 2760 1252 2778 “
1270 2758 1441 2793 Ultimum
1459 2756 1588 2802 suppli-

133 2806 222 2842 cium
237 2813 388 2845 mortem
407 2811 519 2845 solam
535 2810 853 2856 interpretamur.”
