1839 3229
551 197 754 238 KATA
807 195 1233 237 APOPATOT.

1507 193 1616 246 417

171 310 440 374 1Διονύσιον,
468 333 547 373 την
578 307 843 376 οἷποογωγῆν
866 304 1063 374 ἀπάγειν
1095 306 1449 380 οἷναγκοίζοντες,
1483 333 1622 379 προσ·-

167 383 448 454 γράψασθαι
476 384 577 437 τότε
606 383 677 436 ἔπ’
710 380 961 472 α’ὖτοφωρῳ,
995 381 1022 444 ἢ
1051 379 1168 435 ὅπου
1201 382 1255 434 οἳν
1278 381 1323 453 31·
1353 407 1522 470 vtem-ov
1546 409 1625 455 μεν

166 484 354 512 ἐναντιον
392 458 699 512 πεντακοσίων
737 482 776 510 εν
816 482 871 513 ΤῪΙ

910 457 1073 528 βουλῇ,
1115 455 1217 509 εἶτα
1255 456 1398 510 πάλιν
1436 457 1625 511 ἐναντίον

211 579 219 601 ¹
232 581 369 612 Διονύσιον
383 592 413 611 τ.
429 581 483 612 ἀπ’.
499 580 639 619 ἀπάγειν,
654 577 860 620 ἀναγκάζοντες
875 590 992 619 vrgao-79.
1009 578 1042 609 τὸ
1058 577 1106 610 ἐπ’
1121 579 1283 621 αυτοφώρῳ,
1303 578 1480 619 ἐπειδηπες’
1483 580 1626 621 Αγὸροιτος

166 626 276 665 πρῶτον
290 628 350 654 etc.
368 623 408 655 A.

165 717 314 758 ejusmodi
330 722 405 747 erat.
449 717 546 747 Actor
558 726 642 746 reum
655 716 692 745 ad
703 715 773 745 illos
786 715 877 757 injus

166 761 306 797 vocabat,
321 765 352 790 et
370 770 473 790 coram
496 760 537 790 iis
555 769 676 789 causam
701 760 877 795 accusandi,

165 804 312 833 delictum
327 813 435 842 nempe
449 803 492 833 rei
505 802 699 842 exponebat3
725 812 785 842 quo
798 802 877 832 facto

166 846 193 877 si
204 857 274 876 reus
286 845 318 875 id
333 856 391 875 non
405 851 542 884 negaret,
554 846 722 875 habebatur
737 855 792 884 pro
804 856 876 875 con-

165 889 250 919 fesso
265 893 356 928 atque
372 889 409 918 ab
425 889 502 927 ipsis
517 888 749 918 Uudecimviris
763 889 876 918 conde-

165 933 325 962 mnabatur
341 936 372 960 et
387 931 488 970 capite
514 931 717 970 puniebatnr3
742 930 788 958 sin
805 941 876 960 reus

165 979 302 1014 negaret,
313 975 351 1004 ad
363 976 459 1013 majus
470 974 601 1003 tribunal
615 982 678 1002 rem
690 973 876 1010 referebant,

165 1023 199 1048 ut
218 1017 351 1056 judices,
369 1018 407 1046 ad
426 1027 503 1056 quos
521 1027 556 1046 ea
576 1027 625 1046 res
641 1015 821 1054 pertineret,
836 1016 875 1046 de

166 1061 281 1091 delicto
297 1063 517 1100 cognoscerent
530 1064 561 1089 et
575 1062 755 1089 statuerent:
772 1057 802 1088 in
814 1068 874 1097 quo

162 1103 283 1143 judicio
299 1104 326 1133 si
347 1107 429 1133 esset
444 1103 675 1139 condemnatus,
692 1101 800 1132 iterum
813 1101 875 1132 illis

164 1147 343 1176 tradebatur
369 1146 408 1175 ad
437 1145 635 1185 supplicium,
666 1143 729 1175 vid.
761 1144 874 1174 Pollux

165 1193 196 1219 et
213 1190 415 1228 Etymologus
428 1188 489 1218 loc.
507 1189 560 1218 cit.
606 1187 804 1227 Magistratus
823 1198 875 1218 au·

165 1237 226 1262 tem
242 1232 300 1268 ζΙΙὶ,
321 1232 374 1271 qui
389 1232 542 1260 habebant
557 1231 714 1269 εἰσαγωγὴν
729 1230 768 1263 εἰς
782 1229 816 1259 τό
835 1230 874 1260 δι-

164 1274 313 1313 καστῆςιον
328 1274 414 1316 (quae
432 1273 572 1313 plurimis
588 1274 666 1303 locis
682 1273 743 1306 τοῖς
757 1272 875 1303 εἘνδεκοι

164 1316 337 1357 tribuitur),
353 1317 439 1356 prius
458 1316 544 1346 litem
566 1316 791 1351 examinabant,
810 1320 873 1346 tum

164 1370 239 1390 vero
256 1361 305 1390 vel
320 1361 472 1399 negabant
492 1369 526 1390 se
546 1359 630 1389 illam
645 1359 676 1388 in
692 1359 791 1388 forum
806 1369 874 1389 esse

162 1402 341 1433 inducturos
353 1403 452 1445 (quod
468 1401 582 1433 dicitur
594 1400 735 1443 ἀφιέναι),
751 1402 777 1432 si
790 1407 875 1433 acto-

162 1456 227 1476 rem
253 1446 356 1485 inique
380 1450 486 1485 petere
513 1445 674 1475 manifesto
701 1452 874 1485 appareret,

163 1489 214 1519 vel
233 1489 259 1518 si
274 1489 314 1518 de
329 1500 362 1519 re
378 1489 430 1518 illa
445 1498 505 1518 non
522 1489 668 1519 haberent
679 1488 872 1527 jurisdictio-

163 1541 245 1568 nem,
264 1532 313 1561 vel
330 1532 460 1570 deniqne
483 1531 509 1561 si
525 1532 632 1561 vitium
648 1531 771 1570 aliquod
789 1539 874 1562 esset

163 1573 195 1603 in
211 1574 316 1605 libello
338 1575 390 1604 vel
410 1575 539 1604 formula
558 1574 772 1609 accusationis,
790 1576 872 1613 quod

163 1615 279 1656 colligo
303 1628 320 1647 e
343 1617 437 1655 Lysia
463 1628 490 1646 c.
511 1617 658 1647 Theomn.
676 1618 702 1646 Ῐ.
720 1617 745 1656 ᾗ.
763 1617 801 1654 γ’.
825 1628 871 1656 sq.

164 1660 337 1689 Scholiaste
356 1660 393 1689 ad
415 1658 632 1698 Aristophanis
653 1660 821 1689 Ecclesiaz.
839 1671 869 1690 v.

166 1705 259 1734 1018.
272 1702 321 1732 vel
337 1702 510 1731 facultatem
523 1703 636 1731 dabant
650 1713 734 1731 reum
749 1702 777 1731 in
790 1702 872 1740 judi-

163 1745 212 1775 cio
229 1745 434 1784 persequendi
449 1744 549 1786 (qnod
564 1745 612 1773 hic
627 1745 740 1774 dicitur
750 1744 871 1786 παραδέ-

163 1787 270 1829 χεσθαι
285 1793 315 1818 et
330 1788 350 1818 l.
367 1789 457 1818 modo
468 1787 520 1817 cit.
535 1786 766 1829 ἀποδέχεσθαι),
781 1789 806 1817 si
823 1799 871 1818 res

163 1841 221 1861 non
238 1831 339 1861 statim
351 1835 458 1870 posset
473 1830 635 1869 expediri:
660 1835 721 1860 tum
738 1841 810 1860 vero
825 1831 870 1860 illi

163 1874 520 1913 Magistratusjudicium
533 1873 871 1908 constituebant‚actio-

163 1927 232 1946 nem
260 1917 372 1946 dabant
396 1922 428 1946 et
449 1917 479 1946 in
504 1917 622 1955 jndicio
650 1916 870 1956 praesidebant:

162 1960 227 1990 vid.
242 1960 464 1999 Harpocration
483 1970 510 1989 v.
525 1959 675 1999 Ἠγεμονίοι
685 1959 871 2000 δικαστηςιόυ.

163 2003 250 2033 Conf.
269 2003 404 2032 Budaeus
419 2003 531 2032 Annot.
548 2004 631 2032 Post.
649 2004 686 2032 ad
701 2003 763 2033 Tit.
781 2014 815 2033 π.
831 2003 870 2032 de

163 2046 290 2084 Appell.
304 2057 334 2085 p.
352 2048 425 2076 ⁶250.
443 2056 472 2076 F.
486 2050 517 2075 et
529 2046 700 2075 Comment.
717 2047 750 2075 L.
769 2047 820 2075 Gr,
839 2056 869 2085 p.

165 2090 217 2118 97.
235 2099 297 2127 seq.
323 2093 353 2118 et
375 2089 444 2118 hine
467 2089 576 2127 Lysias
596 2090 651 2119 Or.
672 2090 715 2118 11.
736 2089 764 2117 in
788 2090 870 2119 Alci-

164 2130 284 2160 biadem
302 2141 358 2160 non
382 2136 495 2161 tantum
516 2132 650 2170 judiees.
668 2133 720 2161 sed
738 2136 768 2160 et
792 2143 870 2170 prae-

165 2173 257 2212 cipue
273 2173 443 2212 Strategos,
458 2178 564 2212 utpote
578 2175 687 2213 judicii
710 2175 870 2214 praesides,

166 2221 242 2250 orat,
264 2220 298 2245 ut
320 2217 431 2253 neutri,
453 2227 551 2255 neque
574 2218 680 2251 actori,
700 2228 797 2256 neque
820 2228 870 2247 reo

164 2258 262 2297 magis
275 2258 335 2288 sint
348 2259 490 2288 benevoli
504 2270 510 2287 :
533 2265 623 2298 atque
640 2260 752 2289 ibidem
766 2261 871 2290 dicun-

166 2306 216 2331 tur
231 2303 260 2331 in
276 2302 456 2340 illojudicio
467 2303 488 2332 οῖ
505 2302 660 2343 στρατηγοὶ
675 2305 724 2334 τὴν
734 2301 823 2342 ψῆφον
833 2303 871 2332 δι-

166 2343 236 2374 δόναι
247 2345 305 2378 τοῖς
317 2345 477 2380 δικασταῖς,
479 2346 541 2384 jud
546 2348 598 2376 ἐσσε
609 2347 639 2374 in
649 2344 794 2386 suffragia
803 2348 871 2376 mit-

165 2392 234 2424 tere,
244 2388 357 2427 quippe
369 2388 420 2427 qui
436 2389 519 2418 litem
531 2389 560 2418 in
573 2389 669 2418 forum
680 2390 871 2419 induxerant.

165 2430 243 2460 Sunt
259 2431 324 2460 haec
346 2432 476 2461 sortasse
496 2432 599 2470 paullo
615 2432 741 2468 fusiora,
763 2433 816 2461 sed
833 2433 870 2462 ad

164 2473 326 2504 consilium
339 2479 473 2504 nostrum
484 2475 673 2504 necessaria:
689 2485 756 2505 nam
772 2475 871 2516 (uteo

163 2517 298 2552 redeam,
311 2518 396 2556 cujus
411 2528 502 2548 causa
513 2519 579 2548 haec
593 2518 732 2547 instituta
747 2523 794 2548 est
809 2518 871 2548 dis-

163 2559 303 2600 putatio)
316 2571 374 2590 non
388 2560 449 2599 ipsi
461 2561 672 2591 Undecimviri
689 2562 871 2591 accusabant

164 2601 346 2641 Agoratum,
371 2605 452 2642 quod
477 2610 525 2634 est
545 2604 675 2642 ἀπάγειν
697 2605 871 2642 ἀπαγωγὴν,

164 2654 263 2684 neque
279 2647 428 2686 cogebant
444 2647 638 2689 Dionysium,
655 2653 689 2677 ut
703 2649 871 2686 Aguratum

165 2693 333 2725 accusaret,
345 2700 441 2729 neque
457 2691 548 2720 etiam
565 2695 598 2720 ut
614 2690 643 2720 in
659 2691 713 2720 lite
729 2701 872 2729 perseve-

165 2735 266 2769 raret3
288 2742 358 2762 reos
372 2733 451 2763 enim
472 2734 626 2772 pendente
642 2734 694 2764 lite
711 2735 748 2763 ab
765 2744 800 2763 ea
815 2743 871 2772 po·

166 2771 263 2803 tuisse
288 2774 437 2806 desistere
465 2780 533 2806 ante
561 2777 652 2806 latam
680 2777 871 2812 sententiam,

167 2813 258 2844 docet
272 2817 424 2849 Isocrates
446 2820 580 2858 Except.
599 2820 681 2850 Adv.
704 2820 825 2849 callim
840 2830 873 2858 p.

167 2858 242 2887 387.
262 2868 295 2888 D.
316 2861 371 2889 sed
391 2866 523 2892 actorem
540 2873 649 2900 cogere
667 2863 716 2892 vel
739 2867 822 2892 certe
844 2863 872 2892 ei

168 2900 296 2930 suadere
308 2907 459 2940 poterant,
474 2905 547 2934 utin
561 2905 666 2934 libello
676 2905 792 2946 aliquid
808 2915 873 2934 mu-

167 2945 258 2979 taret,
271 2944 297 2973 si
309 2944 346 2974 de
359 2955 450 2975 causa
462 2948 633 2986 adjudices
647 2948 752 2978 referri
768 2948 871 2978 vellet.

169 2966 276 3023 ltaqiie
306 2996 362 3025 pro
395 2989 443 3018 τὴν
471 2990 627 3028 ἀπαγωγὴν
655 2991 776 3028 ἀπάγειν
805 2996 872 3021 oaet

912 720 1039 755 propter
1050 715 1149 746 dictas
1164 715 1469 754 rationeslegendum
1481 715 1621 746 videtur:

912 760 960 789 τὴν
981 760 1138 797 ἀπαγωγὴν
1160 758 1292 797 εἰσάγειν,
1312 758 1517 799 ἀναγκάζοντες
1530 769 1626 799 προσ·

910 800 1080 842 γράψασθαι
1101 801 1133 831 τὸ
1150 799 1204 831 ἐπ’
1225 802 1387 842 αὐτοφώρῳ.
1431 801 1556 832 Dicitur
1571 812 1624 831 au-

913 849 973 873 tem
1006 844 1128 882 εἰσάγειν
1149 844 1351 884 ἀναγκάζοντες
1379 855 1436 884 pro
1462 844 1623 883 εἰσάγοντες

910 886 1094 927 ἀναγκάζειν5
1117 888 1217 926 qualis
1242 888 1429 918 constructio
1456 891 1487 918 et
1511 888 1622 918 Poetis

911 936 941 959 et
955 930 1135 959 Oratoribus
1153 930 1182 959 in
1200 941 1257 959 usu
1276 935 1340 960 est:
1365 931 1410 960 sic
1424 930 1492 971 ipse
1512 931 1621 970 Lysias

910 974 988 1012 apud
1008 972 1191 1011 Dionysium
1214 973 1484 1003 Halicarnasseum
1500 972 1530 1003 in
1546 973 1620 1004 Vita

909 1025 938 1054 p.
956 1018 1029 1046 311.
1054 1014 1146 1044 ἐλθὼν
1167 1014 1190 1043 δ’
1213 1014 1269 1053 ἐγὼ
1289 1017 1459 1054 ἧγοινίικτουν
1475 1015 1530 1057 μὲν
1545 1016 1620 1056 ωςός

909 1057 1069 1097 Ἠγήμονατ
1095 1058 1314 1096 Aristophanes
1341 1060 1462 1089 Eccles.
1485 1070 1517 1089 v.
1543 1061 1618 1090 301.

908 1099 974 1131 ἡνίκ’
988 1100 1102 1130 ἐλθόντ’
1115 1099 1166 1131 ἔδει
1186 1099 1283 1131 λαέεῖν
1302 1100 1397 1134 ὀβολὸν
1416 1101 1509 1142 μόνονι
1535 1103 1617 1142 apud

910 1143 1091 1183 Euripidem
1108 1144 1258 1173 Phoeniss.
1272 1155 1300 1174 V.
1317 1147 1410 1177 1266.
1427 1143 1523 1185 φίλτρ’
1537 1144 1619 1185 {va-q:-

908 1186 958 1217 δῶν
966 1186 1154 1216 Scholiastes
1167 1186 1227 1217 dici
1237 1186 1279 1217 ait
1291 1198 1347 1227 pro
1359 1186 1471 1227 ἐπῳδὰς
1485 1186 1620 1229 φίλτρωνε

909 1230 1041 1260 Bacchis
1057 1241 1088 1260 v.
1105 1232 1179 1262 518.

907 1297 1006 1339 Ἠμδίς
1027 1300 1082 1339 γοὶξ
1103 1299 1216 1336 ἀδικῶν,
1233 1299 1313 1329 κεῖνον
1333 1299 1371 1333 εἷς
1391 1298 1512 1339 δεσμοὺς
1530 1298 1620 1337 ἄγεις·

909 1358 962 1388 ubi
979 1359 1024 1388 sic
1037 1359 1158 1389 videtur
1174 1359 1448 1399 interpungendum
1461 1358 1539 1398 ἦμᾶς
1554 1360 1621 1399 γὰρ,

906 1401 1007 1432 ἀδικῶν
1027 1402 1121 1438 κεῖνον,
1136 1402 1175 1436 εἰς
1195 1402 1318 1442 δεσμοὺς
1339 1401 1428 1439 ἄγεις,
1450 1405 1484 1432 ut
1507 1412 1617 1431 sensus

909 1444 950 1475 sit
965 1445 1042 1485 ἡμᾶς
1057 1447 1111 1484 γᾶς
1126 1445 1164 1479 εἷς
1176 1445 1296 1485 δεσμοὺς
1310 1444 1385 1483 ἄγων
1394 1444 1488 1474 ἐκεῖνον
1502 1444 1618 1478 ἀδικεῖς.

907 1487 977 1517 Jam
991 1488 1093 1527 pergit
1114 1489 1221 1528 Lysias
1236 1489 1383 1518 rationem
1398 1489 1545 1524 reddens,
1561 1498 1618 1517 cur

908 1530 967 1560 sibi
990 1531 1150 1560 videantur
1172 1532 1194 1561 οἳ
1211 1530 1328 1561 ’Ἐνδεκοι
1348 1531 1478 1570 jussisse
1500 1530 1616 1560 adscri-

908 1573 980 1603 bere
998 1576 1089 1603 verba
1105 1573 1153 1604 ἐπ’
1167 1574 1330 1614 αὐτοφώςῳ,
1346 1584 1437 1612 quam
1453 1575 1529 1605 hanc
1546 1584 1616 1604 esse

907 1616 1064 1646 existimat
1078 1629 1084 1646 :
1100 1615 1193 1647 ἐπειδὴ
1211 1620 1316 1655 πρῶτον
1331 1617 1387 1656 μὲν
1407 1628 1435 1646 κ.
1454 1629 1486 1649 τ.
1502 1622 1533 1646 λ.
1550 1621 1613 1646 ete-

906 1659 966 1688 nim
984 1660 1060 1688 illud
1077 1658 1090 1689 ἢ
1107 1658 1173 1690 ὅπου
1186 1659 1216 1688 Ξιν
1232 1658 1373 1701 ΙἶῖηιιῐΙιιηι
1387 1660 1479 1689 habet
1490 1669 1613 1689 sensum

907 1706 937 1731 et
953 1702 1112 1732 manifesto
1128 1703 1217 1732 deest
1233 1704 1371 1738 verbum,
1387 1703 1468 1740 quod
1491 1713 1612 1731 causam

904 1745 1057 1774 contineat
1073 1756 1127 1774 cur
1144 1746 1200 1774 hoc
1216 1746 1367 1784 jusserint
1388 1744 1614 1783 Undecimviri;

905 1785 998 1818 ἐπειδὴ
1015 1795 1113 1817 autem
1136 1789 1362 1826 conjunctivum
1378 1786 1555 1819 ἀποκτείνειε
1569 1805 1613 1810 —

904 1829 1008 1867 γένοιτο
1033 1842 1134 1861 secum
1158 1831 1260 1867 hahet,
1275 1831 1346 1870 quia
1365 1832 1463 1861 oratio
1486 1841 1546 1860 non
1565 1835 1613 1860 est

906 1875 1056 1908 absoluta,
1073 1875 1124 1903 sed
1138 1875 1252 1913 pendet
1268 1884 1285 1903 a
1301 1874 1486 1914 praecedenti
1502 1873 1611 1903 δοκοῦσι

905 1915 1002 1954 ἔμοιγε
1018 1917 1148 1955 εἷο-ἄγειν.
1173 1917 1311 1956 Denique
1327 1917 1407 1955 quod
1422 1917 1528 1947 ultimo
1543 1917 1612 1946 loco

905 1969 960 1997 pro
983 1960 1069 1989 οἴεται
1090 1960 1212 1998 reposui
1228 1959 1376 1999 νομίζεται
1394 1960 1424 1989 id
1445 1961 1513 1999 ipsa
1532 1959 1612 1990 ratio

906 2003 1038 2039 postulat
1060 2008 1090 2032 et
1113 2002 1243 2042 quisque
1265 2003 1486 2042 comprobabit.
1535 2003 1611 2032 Nam

906 2045 1026 2075 Reiskii
1053 2046 1220 2085 explicatio
1234 2057 1240 2074 :
1271 2056 1328 2075 non
1355 2047 1431 2075 enim
1459 2051 1542 2076 tanta
1572 2051 1612 2076 est

906 2088 1029 2128 Agorati
1050 2089 1179 2118 stultitia
1202 2095 1228 2118 et
1251 2090 1388 2124 tarditas,
1411 2093 1446 2118 ut
1470 2089 1612 2118 existimet

904 2137 973 2161 caet.
985 2131 1148 2161 durissima
1157 2137 1214 2167 est,
1227 2131 1367 2170 quoniam
1379 2141 1449 2161 mox
1463 2132 1498 2161 ad
1510 2131 1611 2170 ipsum

905 2174 1070 2214 Agoratum
1087 2175 1181 2204 dicit:
1199 2174 1300 2204 ἐπεῖἔκ
1314 2184 1346 2213 γε
1362 2175 1411 2203 τοῦ
1426 2175 1474 2203 σοῦ
1491 2173 1573 2212 λόγου
1582 2185 1611 2204 κ.

904 2230 933 2248 τ.
952 2224 981 2247 λ.
1004 2219 1105 2248 Verbo
1117 2217 1283 2258 νομίζεινὶῖοι
1297 2217 1463 2256 saepissime
1475 2222 1612 2247 utuntur:

904 2260 1015 2290 οἴεσθαι
1029 2261 1151 2299 passive
1165 2261 1246 2299 apud
1262 2260 1368 2290 solutae
1382 2260 1526 2289 orationis
1536 2259 1612 2290 scri-

904 2308 1009 2341 ptores
1033 2305 1062 2332 in
1084 2314 1143 2333 usu
1164 2314 1231 2333 esse
1248 2313 1304 2332 non
1324 2304 1437 2341 cred03
1460 2303 1512 2332 illa
1531 2303 1610 2333 enim

903 2347 973 2375 loca
998 2346 1050 2376 ubi
1077 2346 1119 2376 ita
1143 2346 1205 2375 dici
1228 2346 1327 2376 videri
1350 2345 1463 2385 possit,
1483 2346 1510 2375 si
1534 2347 1611 2376 bene

904 2389 1093 2425 consideres,
1116 2389 1233 2418 nonita
1254 2393 1324 2418 sunt
1339 2389 1534 2428 accipienda:
1556 2400 1613 2419 ex-

904 2432 1005 2471 emplo
1033 2432 1073 2461 sit
1093 2432 1176 2462 locus
1198 2432 1415 2471 Xenophontis
1443 2432 1567 2462 Hellen.
1590 2432 1612 2462 l.

905 2476 968 2505 111.
979 2486 1005 2504 c.
1017 2479 1048 2506 4.
1062 2475 1087 2515 ᾧ.
1106 2478 1156 2506 17.
1172 2475 1275 2509 πάντες
1287 2476 1436 2514 πολεμικοὶ
1446 2474 1531 2505 ἕωλα,
1540 2486 1613 2504 κοιτ-

904 2518 1060 2558 εσκεύαζον,
1079 2518 1147 2553 ὥςτε
1169 2520 1217 2549 τὴν
1232 2517 1321 2548 ’πόλιν
1341 2517 1424 2552 ὅντως
1438 2517 1544 2548 οἴεσθαι
1560 2528 1612 2548 vro-

904 2560 995 2600 λέμου
1015 2561 1191 2601 ἐργαστήριον
1210 2561 1289 2591 εῖναι.
1309 2562 1390 2599 quod
1407 2561 1489 2590 idem
1508 2566 1556 2590 est
1576 2571 1612 2590 ac

905 2604 931 2633 si
947 2604 1089 2641 dixisset,
1105 2605 1174 2638 ὣςτε
1189 2601 1302 2634 orarem
1319 2606 1384 2634 τινὰ
1401 2604 1449 2633 vel
1465 2605 1530 2637 τοὺς
1544 2602 1612 2632 ἰδόν-

904 2658 972 2687 τας,
999 2654 1032 2677 nt
1061 2653 1179 2687 putares
1202 2657 1302 2677 revera
1325 2652 1413 2677 totam
1439 2647 1537 2676 urbem
1559 2655 1613 2675 esse

906 2691 972 2720 belli
993 2692 1269 2720 armamentarium.-
1301 2694 1391 2728 atque
1421 2690 1459 2718 ad
1486 2689 1610 2718 eandem

906 2733 1052 2763 rationem
1070 2734 1130 2763 alia
1144 2744 1267 2773 quoque
1284 2733 1395 2763 similia
1415 2733 1494 2766 loca,
1508 2741 1612 2769 quam-

906 2776 952 2806 vis
969 2787 1065 2815 pauca
1081 2776 1154 2811 sint,
1172 2777 1265 2807 etiam
1279 2777 1360 2816 apud
1382 2776 1491 2804 Poetas
1511 2773 1613 2812 expli-

906 2820 968 2849 cari
984 2825 1121 2858 possunt.
1145 2821 1312 2851 Szm'rmt.

948 2862 1100 2903 Διονύσιον]
1127 2863 1181 2892 Est
1200 2863 1292 2892 frater
1317 2858 1538 2898 Dionysodori,
1561 2869 1615 2888 cu-

901 2905 955 2946 jus
981 2905 1176 2945 supplicium,
1198 2915 1214 2934 a
1230 2903 1333 2934 XXX
1357 2901 1492 2951 tyra-nnis
1509 2912 1616 2931 secun-

907 2949 977 2978 dum
989 2947 1114 2988 Agorati
1124 2947 1268 2977 indicium
1279 2944 1440 2984 perempti,
1450 2945 1561 2974 fundus
1568 2947 1616 2974 est

907 2992 997 3030 hujus
1012 2991 1152 3021 actionis.
1176 2991 1295 3020 Rexsrz·

907 3036 927 3063 3
946 3044 964 3062 u
