1839 3229
149 562 212 594 ⁷15

236 195 314 236 148
415 244 428 257 .
789 196 822 238 1.
853 196 1112 241 TAYLORI

229 285 322 325 loco,
335 286 398 318 aut
414 287 587 330 tempore,
605 289 667 320 aut
683 289 868 331 persona.’'
893 290 943 323 Et
960 290 1120 323 similiter
1132 289 1279 334 Papian.
1299 289 1567 334 Responsorum
1585 289 1675 322 libro

230 340 285 374 tit.
307 342 342 373 ὁ.
381 341 404 357 “
423 341 460 374 Si
476 341 556 385 quis
577 341 667 375 forte
685 344 873 377 temerarie
898 347 961 378 aut
984 345 1113 378 vulnus
1140 347 1203 380 aut
1218 344 1411 379 fracturam
1429 345 1560 378 ossium
1583 343 1675 378 inssi-

229 394 335 437 xerit,
355 397 416 428 aut
438 395 474 428 in
500 396 663 430 convicia
684 398 817 431 atrocia
841 399 929 431 forte
954 399 1165 443 proruperit,
1189 400 1318 433 solutio
1343 401 1401 434 vel
1426 400 1588 434 vindicta
1610 409 1676 443 pro

230 448 317 483 facti
330 449 442 493 ipsius
456 450 627 494 qualitate
641 451 675 484 in
689 450 824 494 judicis
836 453 979 486 arbitrio
992 456 1028 486 et
1039 453 1276 487 aestimatione
1291 454 1463 488 consistat
1476 454 1675 488 secundum

230 505 389 549 regulam
407 506 490 539 Gaii
508 506 574 539 sub
597 506 652 540 tit.
678 507 721 540 de
738 508 946 551 injuriarum
970 508 1124 542 actione.
1175 509 1241 542 Est
1264 509 1357 542 enim
1385 508 1513 550 gravis,
1531 517 1613 552 quae
1636 506 1675 541 in

232 559 392 603 publico,
410 560 469 594 vel
492 559 639 605 inform,
659 561 716 594 vel
739 562 784 595 ab
809 562 991 595 humiliore
1009 573 1160 606 persona
1180 562 1373 596 inlustriori
1391 561 1571 595 infertur.”
1617 561 1677 595 lta

230 614 254 647 1.
271 617 304 648 7.
323 614 352 658 ξ.
372 614 420 648 D.
438 614 482 648 de
501 614 653 658 injuriis.
706 617 729 632 ‘⁴
741 615 911 649 Atrocem
930 619 1049 650 autem
1067 617 1232 660 injuriam
1252 620 1314 650 aut
1332 626 1495 660 persona,
1513 617 1575 649 aut
1588 618 1677 649 tem-

229 679 326 712 pore,
340 672 450 702 autre
468 670 542 712 ipsa
559 671 633 703 fieri
653 670 776 704 Labeo
790 672 849 706 ait.
901 672 1056 705 Persona
1067 673 1215 706 atrocior
1231 672 1358 716 injuria
1372 673 1421 713 fit,
1441 674 1481 704 ut
1493 681 1576 704 cum
1593 670 1677 704 Ma·

229 723 407 766 gistratui‚
426 735 508 758 cum
529 725 686 765 parenti,
706 727 859 760 Patrono
876 727 949 760 fiat.
998 727 1180 770 Tempore
1201 728 1229 761 si
1246 727 1342 761 ludis
1358 730 1395 761 et
1412 727 1447 760 in
1466 728 1675 770 conspectu.

230 777 325 811 Nam
351 779 525 812 Pratorz's
552 780 589 813 in
613 788 793 826 conspectu
816 792 859 814 an
886 782 921 815 in
946 782 1139 815 solitudine
1159 782 1290 828 injuria
1314 781 1408 815 facta
1433 780 1492 824 sit,
1519 781 1676 814 multum

229 832 391 866 interesse
403 834 473 867 ait:
497 834 578 878 quia
595 834 746 869 atrocior
762 843 821 874 esc,
839 848 909 880 qua
934 837 969 869 in
988 839 1186 879 conspectu
1206 835 1300 869 fiat.’'
1347 835 1443 870 Add.
1467 837 1491 868 l.
1515 837 1570 869 16.
1591 835 1621 879 ξ.
1639 837 1674 868 4.

229 889 276 921 D.
294 889 338 922 dc
356 890 484 933 poenis,
533 889 600 931 (4.)
625 891 757 923 Exstat
773 892 850 924 Lex
870 892 1009 925 Solonis
1028 902 1048 924 a
1066 891 1258 925 Plutarcho
1276 892 1310 924 in
1328 891 1407 934 ejus
1426 891 1498 924 vita
1515 890 1675 932 laudata,

230 954 310 987 quae
337 944 450 977 onmia
473 943 608 977 omnino
637 945 801 978 convicia
827 947 863 979 ἐν
888 946 1108 989 δικαστηρίοις
1132 948 1168 977 et
1191 947 1335 989 ἀρχείοις
1360 945 1524 989 repressit
1548 944 1674 978 eodem

230 1008 349 1040 poenae
373 1009 507 1041 genere
525 999 621 1043 quod
643 998 701 1031 hic
719 1002 948 1033 memoratur.
997 1000 1065 1044 (5.)
1090 1000 1257 1044 Denique
1276 1001 1389 1044 ἀρχὴν
1406 1000 1459 1032 vel
1478 1003 1543 1041 τὴν
1560 1001 1676 1044 ἀρχὴν

229 1053 416 1086 commode
440 1053 574 1097 ‹xpoui
601 1058 717 1096 potest
742 1065 804 1097 per
827 1055 974 1094 υηιηὶηο,
997 1060 1034 1087 ul
1063 1054 1235 1098 pluribus.
1264 1055 1286 1087 l.
1315 1066 1344 1087 c.
1373 1054 1526 1094 ostendi,
1545 1054 1675 1098 quibus

230 1107 340 1139 addus
358 1107 452 1140 istud
468 1107 620 1140 Luciani
633 1107 679 1140 V.
698 1108 792 1141 llist.
805 1109 881 1141 init.
901 1109 1011 1153 γράφω
1023 1111 1138 1142 τοίνυν
1157 1106 1286 1153 περὶῶν
1303 1106 1575 1153 μὴτέἶὸον,μὴτ’
1592 1109 1675 1141 ἔπα-

228 1163 304 1198 θον,
326 1163 407 1205 μήτε
431 1163 508 1206 παρ’
530 1165 646 1195 ἄλλων
663 1164 850 1207 ἑπυὲὐμην.
869 1164 915 1196 ἔτι
933 1164 963 1196 ἶέ
982 1164 1060 1206 μηδὲ
1079 1165 1184 1202 ὅλως
1203 1165 1321 1203 ὄντων,
1338 1163 1416 1207 μηδὲ
1439 1166 1516 1204 τήν
1534 1164 1676 1206 ἀρχὴν

229 1216 383 1259 γενέσθαι
401 1218 608 1261 δυναμένων.

237 1412 310 1436 ’rou
336 1413 502 1438 ΛΕΓοΝτΑ
521 1413 644 1439 mimz
669 1414 897 1440 ΖΗΜΙΟΎΣΘΑι
918 1416 985 1440 EAN
1008 1416 1061 1440 ΜΗ
1083 1415 1279 1440 ΑΠοΦΑῐΝΗι
1296 1416 1345 1440 nt
1370 1415 1449 1439 ῑΣτι
1472 1414 1599 1439 minen
1624 1415 1674 1438 τΑ

270 1454 458 1481 ΕΙΡΗΜΕΝΑ.
472 1461 504 1491 p.
520 1453 592 1482 373.
607 1456 635 1482 2.

273 1517 429 1552 Videtur
445 1530 528 1562 ergo
545 1530 592 1553 ex
611 1520 768 1564 hocjure
783 1521 913 1555 veritas
926 1522 1067 1555 convicii
1083 1522 1324 1556 conviciantem
1342 1532 1512 1555 excusare.
1563 1521 1675 1562 Quae-

226 1574 308 1607 dam
336 1578 456 1608 autem
482 1576 627 1609 fuerunt
644 1577 819 1618 convicia,
845 1588 924 1620 quae
950 1578 1081 1612 diserte
1109 1579 1190 1612 Lex
1210 1578 1368 1618 vetabat,
1387 1579 1426 1610 ut
1443 1588 1490 1611 ex
1514 1577 1676 1621 proxima

227 1629 483 1662 constitutione
498 1630 680 1663 discimus.
732 1631 787 1664 Ea
807 1636 926 1664 autem
938 1631 1167 1683 ⁴vocabantur
1184 1633 1417 1676 ἀπόρῤητα.

915 1748 991 1782 XI.

284 1839 380 1864 ΤΟΎΣ
399 1841 587 1865 ΛΕΓΟΝΤΑΣ
604 1841 639 1866 'r1
658 1841 736 1866 ΤΩΝ
752 1840 975 1866 ΑΠΟΡΡΗΤΩΝ
990 1839 1245 1866 ΠΕΝΤΑΚΟΣΙΑΣ
1263 1842 1438 1867 ΔΡΑΧΜΑΣ
1456 1840 1619 1867 omnium<

942 1892 958 1904 7

930 1906 976 1924 οιον

717 1942 955 1967 ΑΝΔΡΟΦΟΝΟΝ
972 1943 1025 1966 MH
1042 1942 1175 1967 AEFEIN.

310 1984 407 2008 ΤΟΥΣ
422 1985 499 2008 ΤΩΝ
517 1985 645 2009 ΑΛΛΩΝ
660 1986 826 2009 ΠΑΤΕΡΑΣ
843 1986 894 2009 ΜΗ
911 1985 1034 2009 ΚΑΚΩΣ
1052 1986 1176 2010 ΛΕΓΕΙΝ
1191 1986 1425 2011 ΤΕΘΝΕΩΤΑΣ.

310 2027 549 2051 ΠΑΤΡΑΛΟΙΑΝ
562 2029 584 2051 H
601 2028 840 2052 MHTPAAOIAN
853 2028 905 2052 ΜΗ
922 2028 1047 2052 ΕΙΠΕΙΝ.

309 2069 376 2093 BAN
391 2070 449 2094 ΤΙΣ
467 2070 597 2095 ΦΑΣΚΗί
614 2071 918 2095 ΑΠΟΒΕΒΛΗΚῙΞΝΑΙ
935 2072 1007 2095 THN
1021 2072 1161 2096 ΑΣΠΙΔΑ
1178 2070 1368 2096 ’ΥΠΟΔῙΚΟΝ
1385 2071 1491 2095 EINAI.

225 2130 361 2174 Collegi
384 2131 461 2165 haec
481 2133 600 2175 capita
623 2137 691 2166 τῶν
712 2133 915 2178 ἀπορῤἡτων
932 2144 978 2166 ex
1001 2133 1160 2167 oratione
1183 2136 1268 2167 κατὰ
1292 2134 1521 2178 Θεομνήστου,
1539 2143 1575 2176 p.
1591 2135 1672 2167 339.

225 2190 334 2230 atque
355 2185 487 2219 ibidem
514 2188 686 2220 nonnulla
714 2188 906 2221 vindicavi.
955 2188 1081 2222 Oratio
1103 2189 1165 2222 illa
1186 2189 1360 2232 plurimas
1386 2189 1494 2232 leges'
1513 2187 1675 2222 continet

224 2240 308 2273 alibi
325 2239 389 2274 vix
407 2242 652 2284 reperiundas.
702 2242 796 2276 Suut
812 2245 944 2285 autem,
962 2253 1045 2287 quae
1064 2246 1275 2287 sequuntur.

903 2360 997 2394 XII.

527 2460 667 2485 ATIMON
684 2460 776 2485 1:me
793 2461 866 2485 TON
882 2461 932 2484 ΤΑ
950 2460 1052 2485 ΟΠΛΑ
1069 2461 1372 2486 ΑΠΟΒΕΒΛΗΚΟΤΑ.

272 2529 412 2572 Colligo
426 2539 474 2562 ex
490 2530 542 2563 his
557 2531 684 2571 verbis,
701 2542 734 2575 p.
749 2535 830 2566 342.
850 2535 883 2566 l.
915 2535 1075 2572 Λυσίθεος
1092 2535 1307 2577 θεόμνηστον
1322 2533 1514 2576 εἰσήγγελλε
1526 2534 1568 2565 τὰ
1581 2533 1672 2567 ὅπλα

225 2584 499 2626 ἀποβεβληκότα,
515 2586 573 2617 οὐκ
589 2586 692 2622 ἀξιῶν
705 2588 812 2619 αὐτὸν
825 2586 892 2629 (ita
909 2587 989 2629 lego
1006 2597 1070 2630 pro
1086 2589 1161 2624 ἐξόν
1178 2587 1286 2630 αὐτῷ)
1303 2587 1511 2631 δημηγορεῖν.
1562 2587 1618 2620 lta
1635 2588 1671 2620 in
1703 2602 1706 2605 ·

224 2639 316 2681 lege,
350 2649 431 2682 quae
459 2640 604 2672 titulum
636 2639 762 2673 habuit
787 2656 966 2678 AOfflMAzm
990 2654 1136 2680 pmopmq
1164 2646 1201 2674 et
1228 2642 1396 2676 laudatur
1424 2642 1470 2674 ab
1498 2641 1670 2676 AEschine

224 2705 256 2727 c.
272 2694 512 2728 Timarchum.
562 2695 612 2728 Et
629 2695 706 2728 haec
728 2699 805 2728 erat
822 2698 956 2740 ἀτιμίας
969 2698 1118 2740 species.
1167 2697 1276 2730 Porro
1297 2697 1506 2730 Andocides
1523 2696 1567 2729 de
1586 2697 1670 2740 My-

223 2749 338 2782 steriis
355 2759 438 2782 cum
461 2751 624 2781 recenset
640 2759 713 2790 eos,
732 2747 778 2784 ὧν
800 2753 843 2784 τὰ
863 2754 925 2794 μὲν
947 2753 1084 2794 σώματα
1106 2752 1208 2794 ἄτιμα
1227 2749 1282 2791 ἦν,
1299 2754 1367 2792 τὴν
1384 2751 1411 2783 δ’
1432 2752 1551 2784 οὐσίαν
1566 2752 1670 2794 ἔσχον

222 2806 277 2837 καὶ
294 2804 478 2844 ἐκέκτηντο,
496 2803 604 2836 habet
621 2805 673 2836 καὶ
691 2804 811 2837 ὁπόσοι
827 2806 960 2838 λίποιεν
978 2807 1043 2846 τὴν
1059 2805 1166 2844 τάξιν,
1187 2806 1208 2845 ἢ
1226 2805 1437 2848 ἀστρατείας,
1456 2806 1477 2844 ὴ
1495 2804 1628 2845 δειλίας,
1646 2806 1668 2846 ἣ

222 2858 436 2902 ἀναυμαχίου
449 2859 591 2901 ὄφλοιεν,
611 2859 632 2897 ὴ
651 2860 716 2898 τὴν
733 2858 896 2891 ἀσπίδα
920 2859 1193 2900 ἀποβάλοιεν.
1243 2857 1395 2891 Gravius
1412 2857 1530 2892 adhuc
1547 2858 1582 2891 in
1601 2859 1669 2892 mi-

222 2913 297 2947 litia
315 2915 492 2949 Romana.
544 2917 565 2931 ‘⁶
583 2913 707 2955 Miles,
725 2914 785 2958 qui
812 2914 848 2946 in
874 2915 968 2948 bello
992 2923 1092 2947 arma
1117 2912 1238 2947 amisit
1263 2913 1317 2946 vel
1343 2913 1523 2956 alienavit,
1549 2914 1667 2959 eapite

222 2969 391 3011 punitur:
419 2969 574 3003 humane
593 2967 758 3002 militiam
773 2967 924 3002 mutat.”
940 2969 963 3001 l.
981 2971 1014 3003 3.
1033 2968 1062 3011 ἕ.
1080 2971 1134 3002 14.
1158 2967 1205 3001 D.
1223 2969 1268 3001 de
1285 2978 1321 3000 re
1338 2967 1495 3002 militari.
