1839 3229
222 213 278 254 22
431 207 710 251 IEREMIAE
744 207 1114 250 MARKLANDI
1148 207 1481 251 PRAEFATIO.

222 317 351 355 Multa
370 329 528 368 quoque
547 330 607 354 me
628 320 797 360 movent,
828 321 870 353 ut
898 314 1095 353 crederem
1126 315 1331 353 Schottum
1359 315 1443 353 haec
1471 313 1672 364 scripsisse

219 381 422 427 Jnvenem,
435 392 509 418 nec
528 379 656 417 adhuc
676 382 897 428 compotem
913 377 1020 415 istius
1036 390 1125 415 usus
1140 383 1179 415 et
1194 377 1343 428 peritiae
1363 377 1402 414 in
1422 377 1565 415 Graeca
1581 377 1678 429 Lin-ยน

220 455 309 493 gua,
328 454 443 493 quam
463 446 600 492 postea
619 445 818 477 assecutus
839 444 921 476 est:
943 438 1043 488 haec,
1065 438 1233 489 inquam,
1263 439 1302 475 in
1321 438 1540 489 Marginem
1563 433 1679 476 Libri'

218 504 375 555 raptim,
390 509 433 541 ut
448 502 506 548 fit,
527 502 721 551 conjecta,
737 506 855 551 atque
873 499 962 538 inde
983 500 1064 538 sine
1083 501 1315 539 accuratiori
1335 500 1509 539 examine
1531 501 1670 539 Amico

220 579 290 604 suo
310 563 595 603 subministrata
614 562 823 609 crederem,
842 561 916 599 nisi
940 560 1024 612 ipse
1043 563 1083 600 in
1103 562 1329 613 praefatione
1360 561 1464 599 aliud
1495 561 1670 612 profiteri

218 627 425 665 videretur.
482 623 674 662 Incutiam
690 622 806 673 igitur
826 623 977 673 Optimi
991 623 1073 661 Viri
1094 624 1221 661 animo
1236 624 1321 661 aliis
1341 623 1669 673 occupationibus

218 687 414 726 Literariis
435 685 611 724 districto
631 685 861 735 allegemus:
892 684 957 722 sed
986 697 1062 722 non
1088 685 1177 723 ideo
1204 685 1480 723 dissimulanda
1507 684 1594 731 fuit,
1620 697 1669 722 ne

216 750 313 788 alios
335 761 492 799 quoque
505 747 657 785 Schotti
676 759 816 783 nomen
836 752 874 783 et
893 745 994 783 fama
1012 746 1051 783 in
1071 760 1238 785 errorem
1259 748 1438 785 traheret.
1494 745 1555 784 De
1573 746 1669 784 Ver-

219 813 325 850 sione
340 808 617 848 Vanderheidii
642 808 736 845 nihil
753 807 866 845 dico:
899 821 987 845 eum
1009 808 1110 845 enim
1126 809 1339 847 Contextus
1360 809 1459 847 adeo
1481 814 1581 848 esset
1599 808 1667 847 de-

221 877 415 924 pravatus,
446 871 499 908 nil
526 870 675 915 mirum,
696 869 727 907 si
746 882 833 907 vara
852 869 996 907 vibiam
1019 877 1256 920 sequeretur.
1313 871 1421 909 Vale.

306 974 448 1010 Londiui,
463 975 531 1005 Jan.
546 973 603 1004 IV.
619 973 942 1004 MDCCXXXVIII.
