1839 3229
217 148 326 201 416
775 161 1110 208 ΛΎΣΙΟὙ

121 293 198 328 504
217 297 272 324 νοι
309 272 387 336 τῆν
413 272 671 341 οἷπαγωγῆν
713 276 923 340 1ταύτην,
960 277 1135 348 οἰόμενοι
1160 277 1390 353 Ἀγοράτῳ
1425 278 1708 349 συμπράτ-ῖ)

119 365 197 400 505
217 371 305 399 τειν
350 347 453 400 τότε
499 347 606 402 Ξκοιῖ
659 348 1022 425 ὃιὶἂχυξιζόμενοι
1073 349 1238 427 σφόδρα
1287 352 1426 420 ὅρθῶς
1474 354 1664 414 ποιῆσαι

559 459 566 477 ¹
583 457 700 495 ταύτην,
714 457 760 486 οὐκ
772 456 884 495 οἰόμενοι
900 457 940 487 Α.
1165 458 1179 476 ²
1189 459 1268 488 ἀλλὰ
1282 457 1323 488 Α.

214 551 304 586 civite,
317 560 370 590 per
384 562 465 581 suam
485 552 694 581 accusationem
711 549 863 580 nonnullos
878 551 923 579 in-

215 592 382 633 terfecisset,
402 595 593 633 suppliciique
609 604 708 624 eornm
729 598 832 622 auctor
838 591 923 632 fuis-

216 643 265 666 set.
312 637 413 677 Neque
433 639 509 667 enim.
529 637 578 666 hoc
601 637 694 666 solum
711 641 854 674 censetur,
868 646 923 665 esse

217 677 264 708 ἐπ’
285 679 446 719 αὐτοφώρῳ,
466 682 490 709 si
508 681 571 719 quis
584 680 674 708 armis
693 688 844 719 aggressus
866 680 922 709 ati-

216 733 299 762 quem
321 723 433 752 occidat
456 727 524 752 caet.
570 723 672 760 Hujus
699 727 798 751 autern
821 723 922 760 conje—

216 770 310 794 cturae
326 766 472 794 rationem
488 769 522 794 ut
534 769 616 794 recte
633 765 811 803 probemus,
822 765 860 794 de
877 765 922 794 of-

217 807 286 837 ficio
307 810 363 837 τῶν
378 806 494 837 Ἕνδεκα
517 807 575 836 erit
598 807 775 843 videndum,
794 817 922 846 quorum

215 851 358 889 frequens
377 855 422 880 est
438 850 468 879 in
484 851 551 880 soro
567 850 671 880 Attico
691 851 815 880 mentio.
860 851 922 880 Un-

216 893 377 923 decimviri
398 892 473 922 dicti
494 898 567 923 sunt
585 893 656 933 quia
670 894 777 924 decem
795 898 891 929 erant,
905 904 922 924 e

216 936 344 973 singulis
366 936 523 966 Tribubus
541 947 631 972 unus,
652 942 734 966 sorte
757 936 839 972 lecti,
855 937 922 975 qui-

216 980 273 1008 bus
309 978 488 1008 undecimus
525 981 776 1010 annumerabatur
812 980 921 1016 scriba,

217 1026 340 1051 auctore
366 1022 493 1052 Polluce
517 1023 539 1053 l.
560 1023 654 1053 VIII.
677 1028 755 1054 sect.
772 1026 846 1053 102.
868 1034 922 1063 po-

217 1069 283 1094 stea
305 1070 404 1095 autern
431 1076 540 1095 nomen
565 1076 670 1096 eorum
692 1071 840 1096 mutatum
855 1076 923 1096 esse

215 1118 328 1147 eosque
361 1108 562 1148 νομοφύλακας
591 1110 663 1139 item
700 1109 924 1149 Θεσμοφύλακας

213 1150 310 1180 fuisse
320 1151 420 1181 dictos
429 1153 552 1181 tradunt
565 1152 677 1182 Pollux
687 1153 718 1183 d.
728 1153 760 1188 l.,
772 1153 922 1191 Ulpianus

215 1194 251 1222 ad
272 1194 490 1224 Demosthenis
506 1195 728 1226 Timocrateam
748 1206 779 1235 p.
799 1198 873 1227 726.
891 1198 921 1226 6.

215 1236 265 1266 ed.
291 1237 400 1267 Reisk.
427 1243 459 1267 et
484 1239 673 1269 scholiastes
699 1239 735 1268 ad
766 1239 922 1278 Aristopb.

214 1280 335 1319 Vespas
350 1292 379 1310 v.
396 1283 491 1311 1103.
526 1282 636 1312 Verum
652 1282 852 1322 νομοφυλάκων
868 1293 920 1311 no-

213 1333 282 1352 men
304 1324 386 1353 unde
409 1324 469 1357 τοῖς
484 1322 600 1354 Ἕνδεκα
623 1325 757 1359 venerit,
780 1325 920 1363 equidem

214 1375 273 1394 non
289 1365 539 1405 intelligo,quum
556 1368 629 1397 nihil
647 1368 724 1406 ipsis
734 1378 802 1397 cum
818 1369 920 1407 legum

214 1409 353 1439 custodia
368 1409 458 1439 fuerit
473 1420 630 1440 commune
644 1411 783 1450 aliusque
798 1411 856 1441 hoc
868 1422 921 1440 no-

214 1451 295 1481 mine
310 1451 505 1492 magistratus
524 1453 653 1483 Athenis
673 1453 837 1493 antiquitus
861 1464 919 1483 ex-

213 1494 337 1524 stiterit.
383 1496 491 1535 Itaque
510 1496 614 1535 potius
630 1497 739 1536 opinor
758 1498 918 1536 νομοφυλά-

211 1547 265 1566 κων
288 1548 395 1567 nomen
412 1539 511 1568 fictum
531 1550 597 1569 esse
617 1540 654 1569 ad
671 1541 845 1578 exemplum
867 1540 918 1569 θε-

211 1581 485 1620 σμοφυλάκων,ἰ]οο
501 1586 601 1612 autem
618 1587 791 1622 corruptum
807 1593 874 1612 esse
887 1588 918 1612 et

212 1634 284 1653 vere
301 1632 429 1654 vocatos
450 1625 546 1655 fuisse
562 1625 803 1665 δεσ-μοφύλοικας.ι
828 1636 916 1664 quam

211 1665 284 1695 item
298 1667 389 1697 video
399 1679 465 1698 esse
479 1669 654 1698 sententiam
668 1669 816 1699 Florentis
829 1669 916 1699 Chri-

211 1709 301 1739 stiani
325 1711 363 1739 ad
385 1711 417 1740 d.
439 1712 460 1741 l.
489 1712 712 1750 Aristophanis.
755 1712 917 1751 Praecipue

211 1752 290 1782 enim
307 1763 411 1783 eorum
428 1755 560 1784 muneris
576 1760 642 1785 erat
656 1766 727 1785 cura
741 1755 871 1785 carceris
888 1761 918 1785 et

210 1794 390 1832 vinctorum,
407 1797 506 1836 iisque
530 1798 642 1836 capitis
664 1799 798 1827 damnati
815 1799 916 1827 trade-

211 1840 336 1875 bantur3
360 1841 438 1870 unde
455 1840 633 1880 ’,ταξαδιδόναι
646 1840 826 1875 τοῖς“Ἐνδεκα
840 1841 915 1870 nihil

211 1881 293 1910 aliud
322 1887 381 1917 est,
407 1894 494 1922 quam
522 1884 637 1913 tradere
664 1885 703 1913 ud
728 1885 914 1922 supplicium.

212 1925 281 1953 Non
305 1929 404 1954 autem
425 1927 486 1955 suis
504 1926 564 1965 ipsi
582 1926 721 1956 manibus
739 1927 769 1955 id
791 1937 914 1966 perage-

211 1968 292 2001 bant,
315 1969 367 1997 sed
390 1969 456 1997 fieri
477 1971 621 1998 curabant
642 1980 659 1999 a
679 1968 825 2008 δημοκοίνῳ
849 1970 915 1999 sive

210 2010 360 2046 carnifice,
379 2012 430 2049 qui
449 2017 634 2041 mortuorum
651 2023 770 2051 qnoque
786 2022 914 2051 corpora

209 2053 348 2082 curabat:
374 2054 437 2083 vid.
453 2055 670 2094 Antiphontem
684 2066 715 2094 p.
729 2056 799 2084 113.
815 2066 845 2085 v.
861 2057 914 2085 352.

209 2097 247 2126 ed
269 2096 375 2135 Steph.
400 2098 559 2128 Platonem
576 2098 604 2128 in
623 2099 777 2128 Pbaedone
792 2108 824 2136 p.
841 2100 914 2127 117.

211 2146 244 2169 Α.
260 2139 419 2170 Pollucem
429 2141 449 2170 l.
461 2142 554 2171 VIII.
569 2146 643 2171 sect.
655 2142 744 2171 71.1.
757 2141 821 2170 IX.
838 2146 913 2171 sect.

211 2185 260 2212 10.
284 2182 315 2211 Si
339 2183 406 2223 quis
431 2188 529 2214 autem
553 2196 569 2214 e
591 2195 713 2214 carcere
736 2185 807 2223 fuga
830 2189 913 2214 esset

209 2226 342 2264 elapsus,
358 2227 635 2258 undecimvirorum
652 2232 716 2257 erat
727 2227 812 2257 illum
825 2227 911 2256 inve-

209 2268 321 2307 stigare
349 2275 380 2299 et
408 2270 437 2298 in
463 2281 615 2300 carcerem
646 2272 802 2300 reducere.
839 2270 911 2300 Vid.

213 2311 445 2342 Demosthenem
464 2313 493 2342 in
508 2314 671 2353 Aristogit.
686 2315 709 2343 l.
724 2324 755 2353 p.
768 2316 842 2344 787.
860 2316 909 2343 17.

209 2355 259 2383 ed.
280 2355 320 2383 R.
349 2356 563 2386 Theramenem
585 2358 737 2396 quomodo
757 2356 912 2386 undecim-

209 2396 268 2426 viri
286 2398 480 2428 abduxerint.
524 2400 595 2429 Vid.
616 2401 696 2439 apud
720 2400 912 2439 Xenophon-

209 2444 270 2469 tem
294 2440 417 2470 Hellen.
434 2442 454 2471 l.
479 2443 534 2472 IV.
557 2454 583 2472 c.
604 2446 634 2473 4.
657 2444 682 2483 ᾗ.
706 2446 757 2475 2‘2.
802 2444 912 2482 Neque

210 2493 282 2512 vero
299 2483 362 2512 sola
380 2485 435 2513 hac
451 2487 582 2515 carceris
595 2497 665 2516 cura
686 2497 792 2516 munus
809 2497 911 2517 eorum

210 2527 380 2561 constabat,
396 2528 449 2556 sed
460 2528 609 2558 habebant
625 2529 913 2566 etiamjurisdictio-

210 2579 290 2604 nem,
306 2580 469 2608 eorumque
492 2572 621 2601 tribunal
643 2579 707 2602 erat
728 2573 757 2602 in
776 2574 912 2612 Paraby-

212 2617 281 2641 sto:
310 2613 535 2651 Harpocration
558 2625 589 2644 v.
611 2614 805 2654 Παξίιὲυστον.
828 2614 913 2650 οὕτως

211 2654 342 2684 ἐκαλεῖτό
356 2668 386 2685 τι
407 2658 462 2686 τῶν
476 2655 543 2696 παρ’
556 2655 703 2691 Ἀθηναίοις
723 2657 913 2698 δικαστηρίων,

211 2696 237 2727 ἓν
257 2695 277 2736 ᾧ
292 2697 413 2738 ἐδίκαζον
428 2698 586 2728 οῖἽΞνδεκα.
632 2701 737 2730 Flebat
758 2702 838 2740 apud
860 2713 911 2731 eos

211 2741 362 2770 accusatio
378 2741 510 2771 omnium
531 2742 687 2773 criminum
711 2744 912 2781 privaturum,

210 2784 318 2823 quibus
342 2795 431 2823 poena
453 2795 532 2814 mors
549 2789 647 2815 esset:
672 2786 736 2815 vid.
756 2785 910 2824 Etyrnolo-

209 2827 308 2865 gicum
328 2829 371 2858 M.
394 2828 423 2857 in
446 2838 476 2857 v.
511 2829 599 2858 Certe
622 2829 660 2858 de
683 2829 801 2858 furibus
818 2829 911 2858 fuisse

207 2869 268 2900 illis
287 2871 532 2909 jurisdictionem
556 2876 681 2911 apparet
703 2883 741 2901 ex
768 2873 849 2901 Isaeo
873 2873 909 2901 de

207 2913 340 2944 Nicostr.
352 2914 469 2943 Hered.
480 2925 510 2953 p.
521 2917 573 2946 49.
587 2917 688 2954 v.23.‚
701 2915 909 2945 Demosthene

206 2957 337 2995 Except.
355 2958 425 2988 adv.
444 2958 531 2989 Laor.
547 2969 578 2998 p.
596 2960 669 2988 940.
686 2960 717 2988 8.
735 2959 773 2988 de
791 2968 908 2997 grassa-

958 550 1075 580 toribus
1097 549 1307 591 (λωποδύταις)
1328 554 1360 580 et
1379 550 1535 590 plagiariis
1551 549 1663 592 (ἀνδρα-

957 592 1139 632 ποδισταῖς),
1154 604 1170 623 e
1186 594 1280 634 Lysia
1296 604 1323 624 c.
1339 594 1483 623 Theomn.
1496 603 1528 632 p.
1545 596 1617 624 117.
1634 604 1662 622 v·

956 636 987 664 5.
1008 636 1056 665 ed.
1082 637 1189 676 Steph.
1219 637 1308 667 Conf.
1329 636 1606 675 Harpocrationem
1631 647 1661 666 v.

950 675 1081 716 Ἀπαγε,
1103 680 1261 710 Pollucem
1284 680 1305 709 l.
1329 680 1422 709 VIII.
1447 683 1513 708 sect
1536 681 1608 709 102.
1631 683 1664 708 et

956 722 1147 752 Scholiasten
1165 723 1200 752 ad
1222 723 1243 752 l.
1259 733 1286 752 c.
1304 722 1529 762 Aristophanis.
1573 721 1661 752 Judi-

955 765 1064 794 cabant
1088 765 1178 795 etiam
1202 766 1242 795 de
1266 765 1335 795 aliis
1359 765 1511 795 nonnullis
1531 763 1662 803 ἐνδείξεως

955 807 1135 847 speciebus:
1159 809 1209 838 cui
1231 809 1276 837 rei
1296 819 1364 838 cum
1379 808 1429 838 hic
1451 808 1551 846 Lysiae
1574 809 1660 837 locus

955 850 1070 881 indicio
1085 856 1143 886 est,
1160 856 1224 881 tum
1240 852 1464 881 Demosthenes
1479 851 1511 880 in
1528 851 1662 880 Timocr.

955 904 986 932 p.
1000 896 1076 924 733.
1092 896 1121 924 9.
1139 904 1202 933 seq.
1217 898 1248 924 et
1263 894 1494 933 Etymologusl.
1510 905 1538 923 c.
1583 894 1662 923 Haec

955 941 1055 967 autem
1072 938 1109 967 ad
1127 937 1353 967 undecimviros
1367 937 1398 966 in
1413 938 1465 975 jus
1480 936 1600 966 vocatio
1615 937 1662 966 di-

956 981 1081 1010 cebatur
1096 980 1248 1018 ἀπαγωγῆ.
1272 980 1336 1010 vid.
1362 980 1520 1009 Pollucem
1537 984 1567 1008 et
1583 979 1663 1009 Har-

955 1022 1162 1063 pocrationem
1192 1024 1252 1054 luc.
1276 1024 1329 1052 cit.
1371 1022 1664 1052 Animadvertebant

955 1071 1107 1106 praeterea
1120 1066 1151 1096 in
1169 1077 1233 1102 eos,
1251 1067 1303 1106 qui
1319 1065 1426 1096 aerario
1441 1066 1589 1095 debentes
1603 1064 1664 1094 sol-

957 1120 1029 1139 vere
1047 1109 1174 1146 nollent,
1194 1109 1400 1149 pecuniasque
1423 1108 1543 1138 debitas
1560 1108 1611 1138 vel
1629 1108 1661 1138 iu

951 1152 1071 1190 judicio
1097 1153 1287 1192 Reipublicae
1311 1152 1431 1182 nomine
1455 1153 1492 1181 ab
1515 1151 1554 1181 iis
1577 1156 1662 1190 pete-

958 1197 1039 1232 bant,
1049 1196 1099 1225 vel
1113 1206 1152 1226 ex
1166 1196 1265 1225 officio
1275 1196 1459 1235 exigebant:
1474 1194 1536 1224 vid.
1553 1194 1662 1225 Dinar-

955 1239 1045 1268 chum
1071 1238 1101 1268 in
1129 1238 1371 1279 Aristogitonem
1397 1249 1427 1277 p.
1454 1239 1527 1268 106.
1553 1248 1584 1267 ν.
1607 1240 1660 1268 32.

956 1282 1192 1311 Demosthenem
1208 1282 1238 1311 in
1262 1281 1444 1312 Androtion.
1460 1291 1491 1321 p.
1512 1283 1586 1311 608.
1608 1284 1659 1312 12.

954 1334 1019 1363 seq.
1054 1325 1204 1354 Videntur
1220 1324 1309 1354 etiam
1329 1324 1465 1358 affuisse,
1482 1324 1507 1353 si
1523 1323 1553 1352 in
1569 1334 1661 1354 causa

953 1367 1078 1406 publica
1089 1378 1197 1397 servus
1213 1367 1379 1397 testimonii
1395 1367 1490 1405 gratia
1505 1371 1659 1406 torquere·

953 1415 1020 1440 tur:
1038 1410 1100 1441 vid.
1113 1411 1348 1440 Demosthenem
1360 1410 1390 1439 in
1403 1410 1612 1440 Nicostratum
1627 1420 1659 1449 p.

954 1453 1050 1484 1254.
1072 1457 1102 1483 1.
1125 1454 1174 1484 Ex
1190 1454 1258 1492 lege
1273 1457 1375 1483 autem
1394 1452 1577 1482 Timocratis
1596 1463 1659 1488 eos,

952 1496 1004 1535 qui
1029 1496 1060 1525 in
1087 1496 1216 1526 vinculis
1241 1501 1343 1525 esseut
1364 1494 1536 1534 εἰσαγγελίᾳ
1559 1494 1658 1533 injus

952 1539 1065 1574 vocati,
1087 1538 1113 1568 si
1137 1538 1348 1569 condemnatio
1375 1549 1478 1568 eorum
1504 1548 1521 1567 a
1547 1537 1658 1568 scribis

951 1582 1138 1621 singularum
1160 1581 1371 1622 Prytaniarum
1394 1591 1453 1611 non
1476 1586 1557 1610 esset
1578 1581 1658 1611 The-

951 1626 1110 1655 smnthetis
1123 1626 1217 1662 edita,
1233 1625 1262 1655 in
1277 1624 1428 1663 judicium
1441 1624 1590 1654 debebant
1605 1625 1658 1654 ad-

950 1669 1075 1704 ducere,
1091 1673 1213 1699 auctorc
1240 1668 1448 1698 Demosthene
1468 1667 1499 1696 in
1524 1667 1658 1697 Timocr-

950 1722 980 1750 p.
995 1714 1069 1742 720.
1088 1714 1139 1742 22.
1157 1722 1221 1750 seq.
1265 1711 1392 1741 Flebant
1411 1710 1540 1749 denique
1556 1721 1656 1740 coram

949 1754 988 1784 iis
997 1755 1220 1794 descriptiones
1237 1754 1302 1784 sive
1318 1753 1482 1794 ἆπογξαφαῖ
1497 1754 1656 1784 fundorum

950 1802 981 1826 et
1003 1798 1215 1833 aedificiorum,
1240 1798 1279 1826 de
1303 1797 1414 1836 quibus
1437 1797 1508 1826 item
1532 1797 1602 1826 lites
1624 1795 1656 1825 in

950 1840 1045 1870 forum
1063 1841 1255 1875 inducebant,
1266 1850 1374 1878 eaque,
1390 1850 1456 1879 quae
1473 1839 1592 1869 Heliaea
1601 1850 1656 1880 pu-

949 1883 1056 1913 blicari
1079 1883 1281 1919 decrevisset,
1304 1884 1466 1912 tradebant
1488 1883 1656 1912 venditori-

949 1926 1026 1963 bus3
1050 1926 1284 1964 Etymologicon
1300 1925 1331 1954 d.
1346 1926 1366 1954 l.
1382 1925 1489 1962 εἷο-ἦγον
1505 1923 1533 1954 δὲ
1547 1925 1595 1954 καὶ
1611 1927 1653 1955 τὰ

947 1968 1168 2008 ἀπογραφόμενοι
1181 1967 1271 2009 χωρία
1286 1967 1365 2008 [καὶ]
1379 1967 1476 2002 οἰκίας·
1489 1967 1537 1996 καὶ
1552 1969 1593 1997 τὰ
1609 1968 1654 1998 δη-

946 2011 1039 2050 μόσια
1049 2011 1115 2042 εῖναι
1131 2011 1249 2050 δόξαντα
1265 2010 1420 2050 παρεδίδουν
1434 2011 1493 2044 τοῖς
1508 2008 1651 2045 πολίταις.

947 2055 1006 2093 leg.
1029 2056 1088 2089 τοῖς
1108 2056 1272 2088 πωληταῖς-τ
1305 2058 1391 2084 erant
1413 2053 1492 2083 enim
1514 2054 1653 2084 Πωληταῖ

946 2098 1074 2127 Athenis
1086 2099 1192 2128 decem
1205 2096 1403 2136 numero‚qui
1419 2107 1488 2126 c-um
1503 2096 1577 2126 alias
1593 2107 1651 2136 pu-

946 2141 1041 2170 blicas
1064 2152 1125 2177 res,
1140 2141 1184 2171 uti
1205 2140 1328 2170 metalla
1347 2145 1378 2169 et
1399 2139 1572 2178 vectigalia,
1587 2144 1650 2169 tum

946 2184 1037 2213 etiam
1063 2185 1141 2214 bona
1166 2183 1340 2223 proscripta
1367 2183 1555 2212 vendebant:
1585 2182 1650 2213 vid.

945 2227 1059 2257 Pollux
1072 2228 1092 2257 l.
1107 2228 1200 2257 VIII.
1214 2231 1288 2256 sect.
1306 2229 1371 2261 99„
1384 2225 1609 2264 Harpocration
1618 2236 1648 2255 v.

944 2270 1092 2306 Πωληταὶ,
1109 2270 1252 2310 Sigonius
1276 2270 1314 2299 de
1336 2268 1508 2308 Republica
1523 2268 1649 2298 Atheni·

944 2313 1061 2344 ensium
1084 2315 1105 2343 l.
1134 2314 1190 2343 lv.
1220 2324 1246 2342 c.
1273 2315 1304 2343 3.
1342 2311 1516 2342 Miserrimo
1545 2321 1649 2341 errore

945 2357 1123 2387 Joachimus
1139 2356 1311 2395 Stephanus
1326 2352 1511 2388 τοὺςἽΞνδεκα
1524 2354 1649 2384 eosdem

946 2401 1037 2430 habet
1050 2411 1125 2438 quos
1141 2401 1247 2430 decem
1262 2399 1426 2433 Proedros,
1436 2399 1474 2427 de
1489 2396 1648 2427 Jurisdiot.

946 2445 1017 2473 Vet.
1039 2445 1139 2473 Graec.
1157 2453 1184 2472 c.
1207 2445 1237 2473 3.
1259 2443 1304 2482 (in
1321 2441 1476 2470 Thesauro
1499 2440 1649 2469 Gronovii

946 2491 966 2516 t.
991 2487 1047 2516 VI.
1070 2497 1102 2525 p.
1124 2484 1250 2525 2692).
1273 2486 1320 2514 De
1343 2482 1571 2514 Undecimviris
1595 2492 1648 2512 eo-

945 2540 1071 2568 rumque
1087 2539 1211 2558 munere
1228 2527 1308 2558 conf.
1332 2526 1464 2556 Budaeus
1481 2526 1649 2556 Comment.

947 2574 982 2602 L.
993 2574 1046 2602 Gr.
1063 2583 1093 2611 p.
1110 2583 1150 2602 m.
1167 2574 1252 2606 252,
1275 2570 1366 2600 Ubbo
1382 2569 1519 2599 Emmius
1529 2568 1566 2598 de
1585 2568 1647 2597 Re-

946 2616 1030 2654 publ.
1056 2614 1286 2644 Atheniensium
1303 2623 1331 2642 c.
1352 2614 1404 2642 10.
1420 2612 1469 2653 (in
1491 2611 1647 2641 Thesauro

947 2657 1097 2688 Gronovii
1120 2662 1143 2687 t.
1169 2658 1207 2686 V.
1231 2667 1263 2695 p.
1293 2654 1418 2696 1332),
1437 2658 1468 2684 et
1493 2654 1648 2694 praecipue

947 2701 1015 2730 Car.
1029 2700 1173 2740 Sigonius
1184 2700 1206 2729 l.
1221 2699 1311 2728 modo
1325 2698 1377 2728 cit.
1401 2697 1520 2727 Horum
1532 2697 1649 2726 muneri

945 2743 1044 2773 simile
1061 2751 1125 2773 erat
1136 2744 1207 2773 olim
1224 2744 1329 2772 Romae
1340 2751 1449 2771 munus
1457 2739 1648 2770 Triumviro-

945 2798 1010 2817 rum
1023 2786 1207 2826 Capitalium
1222 2796 1228 2815 :
1252 2784 1318 2815 vid.
1335 2783 1525 2823 Pomponius
1541 2783 1562 2812 l.
1579 2785 1608 2813 2.
1620 2782 1646 2821 §-

945 2833 998 2861 30.
1021 2841 1054 2860 π.
1072 2831 1110 2860 de
1125 2830 1163 2859 Ο.
1177 2829 1220 2863 J„
1237 2827 1399 2857 Abramius
1415 2827 1453 2856 ad
1470 2827 1647 2856 Ciceronem

944 2883 999 2911 pro
1011 2871 1151 2903 Cluentio
1161 2883 1188 2903 c.
1202 2875 1244 2906 8.,
1256 2870 1391 2900 Budaeus
1401 2871 1512 2900 Annot.
1526 2870 1645 2899 Poster.

944 2917 982 2945 ad
1004 2916 1065 2945 Tit.
1088 2926 1122 2946 π.
1142 2916 1180 2945 de
1196 2915 1317 2944 Muner.
1337 2918 1365 2943 et
1382 2913 1500 2943 Honor.
1520 2922 1551 2951 p.
1572 2913 1647 2943 267.

944 2969 1041 2989 G—K.
1066 2960 1143 2988 Haec
1162 2962 1259 2988 autem
1279 2956 1453 2995 jurisdictio
1468 2952 1648 2985 τῶνῚνδεκα.
