1819 3219
340 200 716 245 TESTIMONIA
747 199 1041 241 VETERUM
1077 199 1160 241 DE
1192 200 1378 242 LYSIA.
1512 200 1566 241 93

717 323 963 361 GELLIUS.

172 401 230 439 II.
250 406 288 440 5.
318 401 530 439 Favorinus
561 400 610 439 de
636 401 752 452 Lysia
775 407 814 438 et
836 401 1000 439 Platone
1030 399 1165 438 solitus
1194 404 1252 437 est
1278 398 1424 444 dicere‚·
1451 398 1492 436 Si
1521 413 1566 436 ex

118 463 300 508 Platonis,
323 463 460 513 inquit,
477 462 651 501 oratione
672 463 827 500 verbum
849 461 1007 511 aliquod
1028 461 1161 499 demas
1187 465 1372 504 mutesve,
1394 465 1509 509 atque
1528 460 1566 497 id

116 525 425 562 commodissime
446 523 580 570 facias,
598 523 646 561 de
668 524 860 575 elegantia
877 529 1024 562 tantum
1046 521 1279 567 detraxeris3
1311 521 1340 559 si
1362 535 1409 559 ex
1431 521 1568 571 Lysiae,

117 585 167 623 de
187 586 387 623 sententia.

647 655 1038 695 HERMOGENES.

374 734 434 770 De
453 732 585 770 formis
607 733 719 771 Orat.
735 739 827 771 tom.
848 739 885 772 ⁶2.
906 747 944 784 p.
966 737 1055 772 338.
1077 732 1182 770 Edit.
1204 732 1314 770 Port.

168 802 306 840 Πολλὰ
324 809 395 841 τῶν
416 806 588 840 τοιούτων
608 803 648 840 ἐν
672 802 861 846 ἰδιωτικοῖς
878 807 923 841 rc?
945 802 1253 853 παραδείγματα,
1275 802 1332 838 καὶ
1350 800 1507 838 πλείονά
1527 816 1570 848 γε

114 868 219 915 παρά
238 866 287 916 τῷ
306 864 436 913 Λυσίᾳ
455 865 512 901 καὶ
531 868 579 916 τῷ
596 864 788 919 ’Υπερίδῃ.
811 868 915 916 φύσει
934 867 1008 915 γάρ
1028 865 1060 902 οἱ
1081 864 1213 914 ἄνδρες
1233 864 1450 913 ἠθικώτεροι.

172 926 275 964 Ιὺίᾶ.
297 939 335 976 p.
357 930 447 965 366.
477 926 552 963 Τοῦ
574 926 604 963 δ’
625 925 672 964 αὖ
696 929 746 977 μὴ
774 926 965 968 δοκοῦντος
985 925 1052 976 μὲν
1073 925 1167 963 εἶναι
1192 925 1321 971 δεινοῦ,
1343 925 1451 966 ὄντος
1467 923 1502 961 δὲ
1522 926 1571 966 ὡς

115 986 268 1035 ἀληθῶς
298 990 469 1034 τοιούτου,
490 987 779 1039 παραδείγματά
806 990 877 1025 εἶσι
905 986 1040 1038 σχεδὸν
1063 989 1227 1029 ἅπαντες
1255 986 1289 1024 οἱ
1319 986 1485 1023 ἰδιωτικοὶ
1510 989 1572 1022 τοῦ

114 1048 384 1099 Δημοσθένους
402 1050 524 1096 λόγοι,
551 1050 609 1085 καὶ
629 1055 700 1085 τῶν
721 1047 905 1098 δημοσίων
926 1047 964 1084 δὲ
991 1049 1054 1084 οὒκ
1080 1048 1196 1095 ὀλίγα
1223 1050 1331 1098 μέρη·
1361 1047 1406 1085 τό.
1431 1063 1474 1095 γε
1497 1048 1572 1097 μὴν

115 1115 179 1148 τοῦ
199 1109 351 1148 Λυσίου
370 1108 519 1160 θαῤῥῶν
536 1110 627 1152 ’ίσως
647 1110 742 1146 ε’ίποι
762 1125 817 1151 τις
833 1109 894 1153 ἂν,
916 1108 971 1146 ὅτι
990 1109 1127 1145 πάντα.

169 1171 272 1209 Ibid.
291 1184 333 1221 p.
348 1174 440 1208 386.
469 1169 657 1208 Πλεῖστόν
675 1184 717 1218 γε
734 1172 808 1220 μὴν
828 1172 940 1207 αὑτοῦ
962 1169 1004 1221 [i.
1022 1182 1057 1206 e.
1077 1170 1197 1217 λόγου
1216 1170 1347 1211 ἁπλῶς
1365 1168 1572 1217 πολιτικοῦ]
1589 1159 1748 1200 lXXXVffi

113 1236 262 1283 μέτεστι
279 1232 413 1283 Λυσίᾳ
433 1247 471 1269 τε
493 1232 551 1267 καὶ
571 1230 694 1283 Ἰσαίῳ
715 1233 774 1267 καὶ
787 1231 974 1285 ’Υπερίδῖμ
1005 1230 1058 1268 διὸ
1077 1230 1119 1276 δὴ
1138 1232 1196 1267 καὶ
1224 1231 1391 1281 μάλιστιί
1415 1232 1483 1268 εἶσι
1511 1248 1572 1268 πι-

114 1293 232 1331 θανοί.
263 1293 473 1345 διαφέρουσι
501 1292 541 1329 δὲ
565 1289 663 1330 οῦτοι
691 1294 883 1339 ἀλλήλων,
904 1292 959 1331 ὅτι
986 1295 1034 1344 τῷ
1063 1291 1130 1342 μὲν
1153 1294 1282 1340 Λυσίᾳ
1309 1295 1403 1342 μετιί
1422 1292 1573 1338 τούτων,

113 1357 171 1393 καὶ
190 1358 236 1393 τά
256 1364 320 1402 τῆς
338 1355 550 1407 ἐπιμελείας
569 1356 727 1407 μετρίως
753 1355 899 1402 ὕπεστι,
920 1356 977 1393 καὶ
996 1354 1037 1393 τὸ
1058 1359 1120 1392 τοῦ
1140 1355 1277 1405 κόσμου
1299 1353 1437 1406 σφόδρα
1458 1355 1573 1406 ἀνεμ-

114 1417 250 1469 φοίτως.

691 1487 988 1525 LONGINUS.

170 1566 276 1603 Sect.
293 1565 486 1603 XXXIV.
520 1564 569 1603 ‘O
589 1565 656 1612 μὲν
683 1570 760 1616 γάρ
780 1565 979 1616 Ὑπερίδης
1000 1564 1093 1615 πρὸς
1121 1568 1170 1616 τῷ
1191 1564 1331 1610 πάντα,
1357 1563 1420 1611 ’ἔξω
1441 1579 1485 1612 γε
1510 1571 1575 1610 τῆς

119 1626 341 1671 συνθέσεως,
354 1628 546 1678 μιμεῖσθαι
565 1629 612 1664 rot
632 1626 885 1676 Δημοσθένεια
910 1625 1195 1677 κατορθώματα,
1211 1629 1270 1663 καὶ
1287 1629 1356 1669 τιὶς
1375 1626 1575 1669 Λυσιακιίς

118 1688 157 1726 ἐκ
177 1693 343 1739 περιττοῦ
362 1689 594 1739 περιείληφεν
616 1689 750 1738 ‹ipsa-01¹9
769 1705 806 1727 τε
826 1690 884 1726 καὶ
902 1688 1076 1739 χάριτας.

716 1791 737 1828 J
743 1790 990 1829 ULIANUS.

171 1869 296 1920 Epist.
318 1869 446 1906 XLII.
502 1868 549 1906 Τί
568 1866 633 1907 οὖν
653 1867 692 1905 δὲ
708 1868 858 1921 “Ομὴρῳ
875 1873 1001 1920 μέντοι
1021 1870 1080 1905 καὶ
1097 1868 1255 1921 Ἡσιόδῳ
1270 1871 1329 1906 καὶ
1343 1868 1575 1920 Δημοσθένει

112 1933 253 1983 μέντοι,
270 1933 329 1968 καὶ
341 1929 522 1982 Ἡροδότῳ
537 1930 596 1967 καὶ
611 1930 813 1985 Θουκυδίδῃ
830 1933 889 1968 καὶ
908 1930 1118 1981 Ἰσοκράτει,
1138 1933 1196 1969 καὶ
1211 1931 1346 1983 Λυσίᾳ
1365 1932 1438 1969 θεοὶ
1453 1931 1576 1977 πάσης

119 1995 296 2042 ἡγοῦνται
315 1991 499 2034 παιδείας.

672 2095 1020 2135 THEMISTIUS.

478 2172 522 2210 P.
543 2175 633 2211 329.
664 2172 768 2210 Edit.
790 2174 979 2212 Harduin.
997 2175 1082 2214 Par.
1100 2179 1219 2215 1684.

173 2243 251 2280 Καὶ
269 2246 466 2289 τηνικαῦτα
484 2244 526 2280 οὒ
546 2243 739 2285 κατώκνεις
758 2243 842 2281 οὐδὲ
861 2244 1047 2288 ἐδεδοίκεις
1069 2248 1119 2295 μί]
1141 2250 1196 2288 τίς
1217 2262 1257 2284 σε
1280 2246 1574 2297 μειρακιεῦεσθαι

119 2302 305 2352 ὑπολάβοι
325 2304 590 2355 ἁμιλλωμένην
609 2305 702 2356 πρὸς
721 2304 876 2344 Λυσίαν
895 2308 952 2343 καὶ
973 2306 1208 2353 Θουκυδίδην.

537 2406 857 2446 MARCIANUS
889 2409 1147 2447 CAPELLA.

174 2484 267 2522 Lib.
288 2483 331 2521 V.
387 2483 483 2536 qut
502 2484 571 2521 hos
592 2490 720 2522 tamen
737 2485 773 2522 in
795 2485 957 2523 diversis
971 2487 1188 2536 agminibus
1207 2487 1394 2525 Oratores
1410 2486 1574 2533 emeriti,

121 2558 168 2583 ae
195 2549 276 2595 prae
306 2558 346 2582 se
363 2544 528 2583 ferentes
550 2545 755 2595 insignium
783 2547 934 2584 culmen
965 2548 1177 2599 meritaque
1195 2548 1407 2599 linguarum
1429 2547 1577 2586 AEschi—

114 2619 224 2657 finem,
246 2607 473 2654 Isocratem,
495 2606 727 2658 Lysiamque
747 2607 1005 2657 conspiceres.
