1839 3229
217 188 323 241 186

565 196 848 240 ΛΥΣΙΟΎ
889 195 1310 238 ΕΠΙΤΑΦΙΟΣ

143 331 197 367 54
213 309 312 364 οὔτε
339 336 431 407 ’γαρ
456 313 538 380 ’γῆς
561 312 737 399 dim-eaeo:
766 311 864 362 οὔτε
899 306 1132 372 θαλάττης
1167 308 1388 381 οὖδεμιας,
1415 314 1665 379 πανταχοῦ

212 385 258 440 δὲ
291 411 369 440 καί
403 388 554 480 παρά
576 408 717 474 παῦ’ςιν
754 383 1003 477 ανθξωποίς
1031 408 1066 436 Oh
1108 409 1172 437 706

1057 386 1069 401 ‘
1159 383 1173 404 Χ
1199 361 1375 437 1αίυτιον
1401 387 1664 446 πενθουντες

212 461 343 515 κακοὶ
367 461 454 522 τοὶς
479 462 639 513 τούτων
639 458 822 552 αἱρεῖ-ας
846 459 1042 528 υμνοῧσι.

287 535 561 610 &21142557011
594 532 672 605 μὲν
708 540 774 585 οὐν
804 557 904 591 τους
929 534 1155 593 παλαιους
1191 531 1400 593 κινδυνους
1435 558 1520 585 των
1547 558 1661 628 ’το-ρο-
1680 548 1732 583 30

210 633 346 677 γονων
376 608 528 680 ὃιειμι,
565 607 731 679 μνήμην
761 632 887 701 παρα
923 609 999 669 τῆς
1032 609 1172 678 φήμης
1198 607 1373 669 λαβων·
1413 606 1536 674 ἀξιον
1551 608 1663 700 γαρ

211 684 351 737 ποῖα-ιν
384 682 630 758 ανθρωποις
664 682 875 735 κακεινων
912 684 1191 754 μεμνηοθαι,
1229 684 1468 784 ὑμνοῦντας
1507 681 1585 754 μὲν
1625 684 1665 735 ἓν

142 778 194 814 55
212 768 313 817 ταῖς
354 756 501 826 ᾠδαῖς,
536 760 757 825 λε”γοντας
790 755 832 809 ὃ
869 782 908 810 εν
949 767 1050 816 ταῖς
1084 783 1167 810 των
1199 756 1445 825 οἷ’γαθων2
1453 758 1664 828 μνήμαις,

210 857 439 905 τιμωντας
459 831 544 885 δ”
529 857 569 885 εν
595 843 686 892 τοῖς
711 843 872 924 καιροῖς
897 842 989 892 τοῖς
1008 856 1228 896 τοιουτοις,
1251 831 1543 891 παιδεύοντας
1563 830 1607 884 δ’
1627 831 1666 884 ἓν

211 932 302 967 τοις
325 908 444 960 Οτων
470 906 769 962 τεθνεωτων”
749 932 887 983 εργοις
912 931 1013 966 τους
1039 906 1228 980 ζωντας.

384 1032 393 1051 ¹
418 1031 510 1061 αὐτῶν
523 1031 560 1062 Τ.

212 1107 383 1143 commatis,
390 1106 628 1148 etprobat(cap.
640 1108 703 1138 IX.
714 1112 745 1144 1,
755 1109 785 1138 2.
795 1113 854 1137 etc.
859 1106 926 1146 )τνν

213 1151 323 1190 πρώτην
330 1149 426 1181 ἐκείνην
437 1151 485 1181 οὐκ
499 1157 564 1182 εἰναι
575 1151 746 1191 ἄμεμπτον,
755 1152 838 1189 prius
846 1152 926 1180 illud

211 1194 323 1224 Foeclns
347 1194 436 1234 culpa
453 1205 511 1225 non
530 1204 652 1230 vacasse,
667 1194 697 1224 id
717 1200 775 1230 est,
789 1192 925 1233 imperfe-

211 1236 408 1277 ctumfuisse.
440 1237 533 1267 Multi
549 1238 648 1268 Codd.
665 1237 809 1267 omittunt
823 1236 922 1266 σκηνήτ

212 1290 283 1321 quae
306 1281 429 1320 quidem
452 1280 552 1310 omitti
570 1284 684 1320 potest,
702 1280 745 1309 ita
765 1284 877 1314 tamen,
893 1283 925 1308 ut

213 1323 311 1353 verba
341 1323 487 1362 Apostoli
521 1327 750 1357 connectantur,
780 1323 926 1361 quemad·

212 1367 339 1396 modum
355 1367 436 1401 dixi,
451 1372 482 1396 et
495 1365 528 1395 τδ
543 1368 651 1407 πρώτη,
667 1366 708 1396 sit
723 1365 852 1401 διαθήκη,
869 1376 926 1394 non

214 1409 310 1439 σκηνή.
355 1410 417 1439 Sed
430 1411 634 1439 verosimilius
649 1416 724 1448 puto
740 1413 927 1448 resumptam

215 1452 311 1482 fuisse
343 1463 448 1482 vocem
474 1451 556 1484 ἐκείνη
584 1458 709 1492 propter
736 1453 856 1491 longam
880 1451 926 1481 di-

216 1495 417 1533 gressionem.
455 1496 554 1526 Video
570 1497 696 1525 eandem
712 1496 928 1534 Conjecturam

216 1538 356 1568 Doctiss.
390 1548 511 1577 quoque
543 1539 693 1577 Mangeio
728 1538 761 1568 in
797 1543 927 1567 mentem

214 1581 350 1611 venisse.
368 1581 588 1612 MARRLAND.
611 1582 726 1612 Melius
737 1582 929 1615 conveniret,

214 1634 284 1653 mea
303 1625 465 1660 sententia,
482 1627 611 1664 πεξιεῖναι
631 1625 704 1665 (pro
725 1622 929 1664 περιέσεσθαι)

212 1672 401 1705 superatum,
419 1668 468 1697 vel
483 1668 682 1709 superfluum
697 1677 762 1697 esse.
787 1667 906 1695 Rmsx.

253 1709 392 1751 ”Απειςοι]
429 1710 551 1741 Dicitur
579 1712 632 1741 ille
663 1711 773 1745 ἄπειρος
800 1720 833 1745 γη
822 1711 860 1743 714·
890 1718 926 1737 ΕΟ

211 1751 338 1791 quidem
354 1764 457 1789 sensu,
473 1765 532 1793 quo
548 1755 657 1793 Lysias
671 1755 746 1783 hanc
761 1750 927 1780 dictionem

209 1795 262 1825 liic
296 1796 356 1825 loci
388 1798 547 1836 usurpavit
574 1798 655 1833 (llam
683 1794 776 1823 alium
806 1804 926 1833 quoque

211 1837 296 1877 fert),
319 1840 406 1877 cujus
431 1847 537 1869 nomeu
563 1837 601 1865 ad
617 1835 702 1865 illius
720 1837 858 1874 regionis
880 1838 926 1866 in-

211 1881 296 1910 colas
324 1882 407 1912 haud
433 1878 584 1917 pervenit.
610 1879 716 1908 lnam.
754 1879 925 1917 Significat,

211 1934 303 1963 ‘neque
319 1929 397 1953 terra
409 1931 501 1961 neque
510 1923 586 1950 mari
598 1922 754 1973 incogniti,
772 1923 820 1951 vel
836 1924 925 1952 inatt-

211 1967 279 1996 dz'tz'.
302 1970 373 2005 post
388 1963 519 2004 οὗδεμιές
533 1965 599 1994 sub.
617 1962 691 1994 own-oi
706 1965 771 1994 εἶσι.
793 1966 830 1995 ad
855 1975 926 1995 παν-

211 2010 309 2050 ταχοῦ
330 2007 357 2038 δὲ
375 2008 443 2037 sub.
466 2008 557 2038 etiam
578 2007 706 2046 aliquid,
727 2019 757 2038 ν.
779 2019 807 2045 g.
830 2007 926 2046 ἔνδοξοί

212 2052 279 2082 εἰσ-ι.
300 2051 412 2080 deinde
435 2061 492 2089 pro
509 2052 587 2091 παςόι
609 2052 707 2081 πᾶσιν
725 2051 827 2080 malim
851 2053 927 2091 παρὰ

212 2094 333 2128 τούτοις,
350 2098 381 2123 et
399 2099 468 2123 tunc
483 2094 528 2122 καὶ
546 2093 605 2124 erit
626 2096 726 2129 etiam,
742 2104 809 2123 nam
825 2094 857 2123 in
879 2095 926 2124 ul-

211 2137 287 2167 tima
302 2142 388 2176 parte
405 2138 562 2175 phraseos,
582 2147 641 2166 non
662 2138 701 2167 de
716 2137 857 2167 omnibus
873 2138 928 2167 ho-

213 2179 348 2210 minibus
375 2180 486 2217 agitur,
511 2181 566 2210 sed
587 2181 626 2209 de
647 2180 686 2210 iis
709 2181 858 2211 duntaxat
877 2180 928 2220 qui

216 2233 285 2252 cum
301 2223 540 2253 Atheniensibus
555 2223 731 2253 conflixere.
756 2226 893 2255 AUGER.

257 2267 429 2308 Πανταχοῦ]
446 2268 589 2308 Πανταχῆ
604 2267 739 2297 codices.
763 2268 855 2304 Quod
868 2267 929 2296 for-

214 2313 298 2338 tasse
306 2309 473 2349 displicere
488 2310 730 2340 emunctioribus
741 2321 799 2340 non
815 2314 929 2350 potest.

217 2351 299 2388 Quid
328 2353 420 2387 enim,
447 2354 564 2388 amabo,
589 2353 719 2383 interest
743 2353 825 2384 inter
852 2364 928 2383 wav-

214 2395 311 2435 ταχοῦ
326 2401 356 2424 et
371 2397 450 2434 wag&
467 2397 555 2425 πᾶσιν
569 2395 737 2437 ἀνθρώποις.)
768 2397 811 2427 At
826 2397 929 2436 Magi—

215 2441 279 2466 stro
296 2438 436 2476 profecto
454 2443 593 2469 neutrum
617 2440 727 2490 placet.
773 2441 852 2470 Nam
874 2450 928 2478 pro

216 2490 355 2521 πανταχη
378 2485 408 2510 et
429 2483 593 2523 πανταχοῦ,
619 2483 789 2523 ἑκασταχοῦ
813 2484 928 2513 rectius

215 2524 253 2552 ab
268 2522 384 2553 Atticis
400 2524 462 2553 dici
477 2525 645 2554 contendit.
667 2526 828 2556 TAYLon

260 2566 358 2597 Αὐτῶν
374 2565 554 2607 πενθοῦντες]
579 2568 670 2598 Habe
686 2569 777 2598 αὐτῶν
793 2579 840 2598 me
856 2569 930 2598 fide-

211 2609 344 2646 jussore.
390 2610 573 2640 Nostrorum
605 2610 759 2641 hominum
787 2612 929 2642 virtutem

215 2661 273 2681 non
298 2651 359 2682 nisi
382 2662 451 2682 cum
472 2663 591 2683 suorum
612 2654 782 2683 calamitate
805 2656 931 2693 conjun-

216 2699 308 2724 ctam.
353 2695 450 2725 Paulo
477 2696 615 2726 inferius.
661 2695 858 2735 Ἀπαγγεῖλαι
883 2698 932 2727 τήν

215 2748 249 2767 τε
266 2746 334 2777 σφε
344 2737 382 2768 τέ
392 2749 449 2779 ραν
463 2739 556 2769 αὐτῶν
571 2738 729 2779 δυστυχίαν
747 2739 795 2769 καῖ
817 2742 865 2771 τήν
878 2742 932 2769 τῶν

218 2779 359 2821 ἡμετέρων
383 2781 515 2822 προγόνων
537 2783 642 2822 ἀρετήν.
674 2780 780 2813 lumi.
812 2783 932 2818 Scribe,

217 2824 324 2853 αὑτῶνῑ
348 2834 401 2854 sua
417 2825 507 2861 mala,
524 2836 578 2856 seu
593 2825 773 2866 infortunia,
789 2824 932 2865 deflentes.

219 2866 281 2902 Qui
298 2867 378 2896 enim
396 2868 495 2898 Filios
512 2869 561 2898 vel
584 2869 709 2898 Fratres
726 2869 775 2898 vel
801 2868 931 2898 Maritos

220 2909 249 2938 in
266 2910 347 2939 bello
365 2911 486 2941 occisos
502 2911 617 2951 lugent,
635 2911 863 2943 Fortitudinem
879 2923 931 2942 eo-

219 2962 298 2987 rum,
321 2954 373 2992 qui
397 2954 576 2986 occiderunt
596 2955 684 2994 istos,
706 2955 796 2987 simul
819 2955 933 2995 praedi·

219 3001 296 3025 cant.
324 2998 540 3029 MARKLAND.

802 1031 964 1072 2γνώμιιιις
981 1032 1019 1062 R.

1279 1032 1293 1052 ³
1315 1032 1370 1061 τῶν
1387 1041 1446 1061 om.
1462 1032 1498 1061 T.

1001 1106 1131 1148 Μνήμην]
1155 1106 1266 1148 Μνήμῃ.
1289 1107 1432 1138 ScALte.
1454 1106 1568 1146 μνήμην
1593 1105 1672 1136 bene

959 1151 1061 1185 babet,
1083 1150 1261 1189 significans
1278 1151 1308 1180 h.
1329 1150 1351 1180 l.
1370 1160 1434 1180 rem
1454 1154 1585 1189 gestam,
1604 1159 1672 1188 quae

958 1191 1090 1222 refertur
1113 1194 1150 1223 ab
1175 1203 1224 1228 eo,
1251 1193 1302 1232 qui
1325 1192 1395 1232 ipse
1417 1203 1476 1222 non
1502 1191 1674 1222 interfuerit

959 1239 1034 1271 tum,
1056 1245 1125 1264 cum
1150 1242 1317 1274 gereretur,
1340 1246 1381 1265 ex
1407 1235 1505 1265 aliena
1527 1235 1596 1271 fide,
1619 1245 1674 1265 seu

958 1278 1058 1313 famae,
1077 1288 1129 1307 seu
1155 1283 1419 1308 monumentorum
1446 1277 1546 1308 literis
1575 1279 1674 1308 consi·

960 1325 1128 1361 gnatorum.
1152 1321 1274 1350 Rmsx.

999 1363 1093 1402 ’Ἄξιον
1109 1365 1162 1403 γᾶς
1184 1366 1272 1394 πᾶσιν
1287 1362 1377 1403 obde]
1401 1365 1455 1403 Γᾶς
1472 1363 1552 1394 redit
1567 1363 1605 1393 ad
1622 1373 1673 1393 oc·
1698 1398 1701 1400 ¹

961 1407 1073 1436 cultam
1089 1407 1269 1437 sententiam
1282 1418 1299 1437 a
1312 1407 1436 1446 legente
1447 1416 1566 1446 quoque
1582 1407 1675 1436 tacite

962 1451 1175 1490 supplendam,
1206 1450 1308 1489 priora
1342 1461 1409 1480 cum
1439 1449 1674 1489 insequentibus

963 1494 1158 1524 vincientem.
1204 1493 1368 1523 Memorias
1384 1493 1599 1527 dicendorum,
1620 1493 1675 1529 ait,

962 1547 979 1565 a
999 1537 1077 1566 fama
1092 1537 1220 1566 traditas
1237 1538 1343 1566 habeo.
1359 1546 1434 1575 quas
1450 1536 1614 1566 memorias
1632 1536 1674 1565 fa-

962 1579 1021 1608 cile
1042 1579 1099 1608 fuit
1114 1580 1255 1618 adipisci,
1269 1579 1382 1618 passim
1399 1579 1516 1614 obvias,
1533 1582 1564 1608 et
1579 1577 1674 1608 omni-

962 1632 1013 1651 um
1029 1622 1059 1650 in
1075 1633 1127 1652 ore
1145 1626 1318 1652 versantes.
1353 1624 1454 1652 Decet
1476 1623 1552 1651 enim
1571 1631 1676 1651 omnes

962 1665 1099 1694 homines
1123 1682 1176 1694 —.
1202 1667 1319 1696 Rmsss.
1357 1665 1470 1699 πάντας
1505 1663 1675 1705 ἀνθρώπους.

961 1708 1068 1738 ΟοΝτ.

1003 1749 1149 1792 Κέκείνων]
1172 1751 1242 1780 Non
1256 1761 1377 1781 suorum
1390 1750 1610 1786 tantummodo,
1624 1750 1677 1790 qui

961 1794 1074 1833 populo
1091 1795 1204 1833 cuique
1220 1793 1337 1833 proprii
1355 1799 1437 1830 sunt,
1450 1794 1611 1832 majorum,
1621 1794 1676 1824 sed

959 1837 1048 1865 etiam
1064 1837 1195 1872 illorum,
1213 1837 1264 1876 qui
1280 1839 1412 1876 majores
1428 1842 1499 1867 sunt
1511 1836 1677 1866 Athenien-

960 1879 1049 1909 sium.
1073 1880 1195 1910 Rmsrz.

1004 1922 1146 1962 Γνώμαις]
1178 1922 1291 1962 Taylor
1315 1922 1344 1952 h.
1369 1923 1391 1952 l.
1417 1921 1580 1952 lectionem
1606 1924 1677 1963 μνή-

960 1976 1044 2004 μαις,
1061 1976 1078 1995 a
1099 1965 1251 2005 Stephano
1271 1969 1321 1995 aut
1344 1966 1521 2004 profectam,
1537 1970 1590 1995 aut
1604 1976 1678 2005 pro—

961 2009 1055 2038 ditam
1071 2013 1154 2038 certe
1170 2009 1207 2038 ab
1220 2008 1273 2038 illo
1287 2008 1398 2047 primo,
1414 2013 1562 2039 servarat.
1607 2010 1676 2048 Ego

962 2051 1104 2081 Aldinam
1127 2052 1283 2086 revocavi,
1305 2051 1404 2089 magis
1426 2053 1466 2082 ob
1491 2062 1675 2083 consensum

962 2094 1115 2130 codicum,
1134 2105 1225 2133 quam
1240 2095 1278 2123 ob
1294 2095 1435 2125 lectionis
1455 2095 1676 2134 praestantiam.

962 2138 998 2166 In
1016 2138 1195 2176 Augustam»
1211 2137 1330 2174 codice,
1346 2148 1436 2177 quem
1452 2138 1491 2167 ad
1512 2138 1676 2169 editionem

961 2181 1087 2219 Taylori
1096 2181 1198 2220 exegi,
1211 2180 1444 2220 videturutique
1452 2181 1583 2220 μνήμαις
1595 2192 1676 2219 esse,

962 2224 1104 2264 quoniam
1114 2234 1154 2254 ex
1171 2234 1208 2254 eo
1221 2223 1296 2253 nihil
1312 2224 1470 2253 varietatis
1487 2225 1524 2254 ad
1537 2225 1566 2254 h.
1582 2224 1603 2254 l.
1619 2235 1674 2254 ex-

963 2267 1083 2306 scripsi.
1130 2266 1257 2297 Constat
1272 2266 1393 2306 ntrique
1413 2266 1539 2296 lectioni
1555 2277 1610 2297 sua
1625 2278 1674 2297 ra-

963 2311 1018 2339 tio.
1064 2311 1249 2350 Stephanica
1261 2310 1320 2340 hoc
1335 2310 1461 2347 dicit‚in
1473 2319 1674 2340 commemora·

962 2354 1089 2384 tionibus
1120 2354 1250 2384 virorum
1266 2352 1411 2393 s'ortz'um.
1453 2353 1577 2389 Aldina,
1605 2363 1674 2383 cum

960 2407 1072 2437 gnomae
1085 2395 1353 2436 virorumjbrtium
1368 2396 1544 2425 recitantur.
1590 2397 1672 2426 Gno-

962 2450 1092 2476 mae,seu
1109 2439 1192 2469 dicta
1204 2441 1290 2469 bonae
1301 2438 1411 2469 mentis
1427 2439 1514 2479 plena
1529 2439 1583 2468 τῶν
1597 2439 1673 2476 ἀγα-

963 2483 1021 2512 θῶν
1043 2484 1072 2512 h.
1097 2493 1124 2512 e.
1154 2483 1287 2513 virorum
1312 2481 1435 2512 virtutis
1462 2486 1493 2511 et
1516 2481 1675 2521 sapientiae

963 2526 1053 2556 laude
1067 2527 1230 2561 clarorum,
1245 2524 1357 2563 magn6
1370 2525 1676 2563 numeroleguntura

966 2569 1105 2608 Diogene
1124 2568 1256 2603 Laertio,
1270 2567 1350 2597 libro
1365 2568 1475 2606 primo,
1487 2567 1617 2606 aliisque
1627 2577 1676 2596 re-

964 2612 1036 2642 tata.
1080 2610 1239 2651 Ejusmodi
1257 2610 1414 2640 sententiae
1428 2610 1534 2650 igitur,
1551 2610 1593 2639 ait
1608 2620 1675 2639 ora-

964 2659 1023 2690 tor,
1040 2665 1107 2684 cum
1123 2654 1302 2690 recitantur,
1316 2654 1408 2684 decet
1423 2663 1525 2683 omues
1540 2652 1677 2682 homines

965 2698 1108 2736 exempla
1121 2697 1242 2727 virtutis
1259 2707 1277 2726 a
1292 2696 1577 2735 majoribusnostris
1593 2695 1676 2725 edita

965 2741 1102 2770 oratione
1115 2749 1370 2776 commemorare;
1397 2739 1508 2778 quibus
1524 2739 1676 2777 exemplis

964 2783 1025 2812 illae
1041 2793 1171 2820 gnomae,
1189 2782 1286 2812 veluti
1305 2782 1478 2822 perspicuis
1493 2782 1676 2820 quibusdam

965 2825 1151 2865 invictisque
1185 2824 1377 2855 documentis
1408 2824 1618 2854 illuminentur
1646 2830 1678 2855 et

967 2869 1191 2904 confirmentur,
1208 2879 1303 2907 eoque
1315 2867 1406 2898 altius
1419 2867 1449 2897 in
1467 2868 1574 2898 animis
1590 2867 1678 2897 audi-

967 2911 1083 2941 entium
1113 2912 1293 2950 deligantur.
1346 2911 1510 2950 Comparat
1539 2911 1617 2941 inter
1643 2921 1677 2940 se

966 2955 1074 2994 poesin
1090 2959 1120 2984 et
1137 2964 1257 2993 prosam
1271 2965 1277 2982 :
1302 2954 1455 2994 ὑμνοῦντας
1474 2953 1500 2983 ἐν
1513 2954 1580 2989 ταῖς
1593 2953 1677 2994 ᾤδαῖς

968 3002 997 3027 et
1010 2997 1143 3036 λέγοντας
1157 2996 1182 3028 ἐν
1193 2998 1260 3032 ταῖς
1275 2998 1412 3037 γνώμαις,
1427 2997 1530 3037 potior
1543 2997 1622 3028 enim
1639 2997 1675 3027 il-
