1839 3229
226 133 336 181 332

797 137 1110 182 ΛὙΣΙΟΤ

231 254 453 342 παρόντων
477 253 551 306 ὅτε
573 249 793 311 Λυσίθεος
829 252 1103 322 Θεόμνηστον
1136 252 1407 319 εἰσήγγελλε
1438 251 1501 305 τοὶ
1533 250 1670 305 ὅπλα

230 434 356 466 ’έθηκεν
345 446 357 463 ο
372 432 457 469 τιθεὶς
477 432 523 463 τέν
544 431 632 471 νόμον.
675 432 745 466 Τους
766 429 934 470 ἀνδροφόνους

230 476 310 517 φησί.
327 479 418 517 πρῶτῡ
410 488 432 506 ν
446 475 500 516 μὲν
516 475 544 506 δὴ
565 476 660 505 τουτον
678 472 825 513 ἀνδροφόνον
844 472 932 510 λέγει,

229 520 275 550 τὸν
290 519 438 550 ἑαλωκότα
452 518 499 549 ἤδη
515 530 551 548 τη
568 516 665 557 ψήφῳ.
710 516 756 545 Οὐ
775 515 840 556 γὰρ
855 514 936 545 ’ἐστ’

231 563 369 596 οὐδεὶς(
360 561 423 593 υπὸ
438 560 551 602 ταύτῃ
567 572 607 590 τη
625 558 842 599 προσηγορίᾳ.
857 558 936 597 πρὶν

230 606 270 635 ἂν
290 604 529 645 ἐξελεγχθεὶς
552 602 633 641 ἁλῷ.
676 602 733 631 Ποῦ
748 602 833 631 τοῦτο
846 601 934 640 δηλοῖ;

232 647 258 678 ἔν
272 659 306 678 ’ΤΞ
326 648 369 687 ’Τῷ
389 658 509 687 πξοτξρῳ
530 657 615 684 νθμῳ,
632 643 680 674 καὶ
701 656 727 674 ἓν
746 644 848 683 Τούτῳ.
890 643 934 695 ‘’Etl

231 702 288 731 (hev
301 693 355 730 γάξ
370 690 456 720 ξκέίνω
476 701 508 715 'tls’
496 686 624 729 ξάψίίς,
616 688 660 716 §AV
675 699 721 720 Τίς
734 688 895 717 ἀΠΟᾺΤΕ’
901 698 934 717 νη

231 736 281 765 τὴν
294 732 390 763 Εουλῆν
401 732 518 772 δικάζειν
532 737 615 766 simu,
632 730 657 759 ἐν
671 730 699 760 δὲ
715 729 805 768 τούτῳ
819 730 866 760 τὶν
883 731 935 759 ἄν·

233 776 386 815 δροφόνον
408 776 560 814 προσειπὼν
575 772 594 801 ἃ
614 784 667 813 >cen
684 774 810 814 πάσχειν
827 773 934 812 ε’ίςηκεν.

232 816 261 849 οὗ
275 818 331 858 μὲν
347 820 402 857 γὰρ
417 822 445 847 ὴν
464 830 477 848 η
494 816 574 846 αἰτία
589 815 622 844 τὸ
638 818 773 857 πρᾶγμα,
788 818 837 847 τὴν
851 814 937 856 κρίσιν

233 862 341 902 είξηκεν·
364 872 393 890 ου
407 859 430 889 δ’
450 860 462 889 ὁ
484 860 567 894 ἁλους
586 858 705 900 ἔνοχος
719 859 767 897 τῷ
783 860 935 899 προσρή-

232 915 328 943 ματι
358 914 464 941 τουτῳ
490 901 705 937 καθέστηκε,
731 904 779 933 τὴν
801 901 938 943 τιμωρίαν

233 945 348 986 ἔγραψε.
394 948 494 976 Grave
513 945 628 975 idcirco
646 950 677 975 et
696 946 750 975 τῶν
770 945 937 985 ἀποῤῥητων,

234 990 364 1029 aliquem
381 988 550 1018 homicidam
564 989 730 1027 appellare.
776 989 857 1028 Lege
873 994 938 1018 erat

235 1031 395 1072 speciatim
408 1031 615 1067 interdictum,
629 1035 661 1060 ct
676 1041 693 1061 a
708 1031 762 1060 tali
778 1032 935 1061 verborum

233 1075 415 1106 contumelia
440 1074 571 1104 maxime
597 1074 680 1104 cavit
703 1074 937 1114 Euphemismus

235 1118 367 1148 Atticus.
411 1118 484 1153 Sed,
504 1118 585 1156 quod
600 1128 648 1147 me
668 1127 726 1147 nou
743 1117 938 1148 mediocriter

234 1161 385 1200 percellit,
396 1160 487 1191 video
499 1160 549 1190 bic
560 1160 590 1189 in
605 1170 696 1190 causa
710 1160 840 1191 convicii
856 1166 937 1190 acto-

235 1215 298 1234 rem
316 1214 333 1234 a
348 1203 498 1234 conviciis
514 1213 572 1233 non
588 1203 750 1239 abstinere,
767 1203 885 1234 tametsi
904 1214 938 1233 ea

235 1258 252 1277 a
265 1246 338 1287 foro
354 1251 385 1276 et
405 1246 640 1287 Magistratuum
660 1247 843 1277 conventibus
862 1257 938 1287 prae-

235 1290 339 1329 cipue,
365 1294 399 1318 ut
424 1288 570 1325 vidimus,
594 1290 777 1319 exsulabant
801 1290 869 1329 lege
895 1290 940 1320 di-

236 1337 329 1362 serta.
372 1330 445 1369 Ἐγὼ
461 1330 485 1361 δ’
504 1331 595 1372 εἰμὲν
614 1331 660 1362 τὸν
676 1332 776 1363 ἑαυτοῦ
797 1331 938 1373 [πατέρα]

235 1386 276 1416 με
295 1373 472 1405 ἀπεκτονέναι
493 1373 608 1416 η’τιῖιτο,
628 1376 795 1415 συγγνώμην
817 1375 848 1405 ἂν
867 1382 942 1417 εἰχον

236 1418 317 1456 αὐτῷ’
339 1420 393 1447 τῶν
417 1416 569 1457 εἷρημενων·
592 1419 726 1457 φαυλον
747 1421 811 1459 γὰρ
837 1418 941 1449 αυτὸν

236 1461 297 1490 καὶ
317 1460 450 1494 ουδενός
473 1459 598 1511 ἄξιον
590 1460 753 1500 ηγούμην.
801 1464 849 1498 Et,
861 1464 938 1501 quod

237 1502 450 1534 felicioribus
442 1503 575 1542 ingeniis
591 1504 729 1543 relinquo
751 1516 940 1544 concoquen-

236 1546 477 1585 dum‚ejusmodi
490 1552 554 1577 erat
563 1546 644 1577 istud
658 1547 841 1584 convicium,
853 1549 941 1587 quale

233 1600 331 1629 nuper
342 1589 574 1629 descripsimus,
583 1592 638 1620 τῶν
645 1590 802 1631 ἀπορρήτων
813 1591 942 1627 scilicet,

234 1632 315 1662 inter
327 1642 450 1672 ea,qua}
467 1633 590 1663 disertis
606 1633 709 1662 verbis
722 1638 752 1663 et
765 1633 941 1664 nominatim

234 1676 427 1705 vetebantur.
472 1678 532 1705 Τῶν
549 1676 639 1715 νόμων
651 1676 872 1716 ἀπαγορευόντων
891 1678 941 1716 μῆ

232 1719 317 1752 τοὺς
338 1720 406 1748 τῶν
420 1717 540 1748 ἄλλων
557 1718 730 1758 ’.πατέρας
752 1722 868 1753 κακῶς
885 1719 942 1749 λέ-

233 1770 311 1798 γειν
333 1761 550 1795 τεθνεῶτας.
584 1761 745 1792 Demostb.
760 1763 830 1793 adv.
852 1764 943 1793 Boeo-

233 1808 298 1833 tum
324 1806 356 1834 2.
392 1803 491 1838 Quam
514 1804 763 1834 constitutionem
786 1816 854 1835 cum
877 1807 942 1844 qui-

234 1847 362 1876 busdam
378 1845 447 1874 aliis
461 1845 504 1874 uti
515 1847 620 1876 omisit
632 1847 764 1882 Petitus,
779 1848 943 1887 gratiorem

236 1889 328 1929 paulo
340 1897 463 1928 operam
476 1898 596 1918 sumere
607 1889 745 1926 videbor,
758 1901 845 1929 quam
858 1901 943 1920 sumo

236 1931 388 1971 quotidie,
402 1931 434 1960 in
450 1930 586 1969 Legibus
602 1930 716 1961 Atticis
731 1933 941 1962 recensendis.

236 1984 364 2014 quarum
385 1974 536 2010 συλλογὴν,
564 1979 729 2012 suppetant
750 1975 840 2003 modo
862 1975 944 2005 vires

237 2022 270 2047 et
287 2017 346 2046 boc
361 2016 456 2045 otium
474 2015 705 2051 Academicum,
721 2016 751 2045 in
768 2017 865 2047 lucem
882 2027 944 2047 me-

238 2060 321 2090 ditor
335 2059 482 2099 proferre.
505 2059 659 2090 TAYLOR.

283 2107 297 2135 τ
308 2101 475 2142 ΠΡΩΤΟΣ]
500 2102 581 2131 Male
596 2102 709 2132 dicitur
721 2105 815 2141 prior,
828 2104 876 2133 cui
887 2115 945 2133 non

240 2145 378 2176 succedit
393 2144 497 2180 altera,
514 2149 544 2174 et
568 2156 657 2184 quam
672 2145 762 2175 etiam
785 2157 841 2184 pro
859 2147 946 2176 unica

238 2188 847 2227 lrabentquotquotlaudantAntiquiores.
863 2192 945 2219 Κατὰ

239 2230 419 2270 Θεομνήστου
433 2230 509 2260 cod.
525 2230 623 2261 Vatic.
635 2232 790 2271 Harpoer.
802 2232 831 2261 in
845 2231 946 2262 Ἀπίλ-

239 2280 296 2302 λειν
305 2279 335 2302 et
343 2272 512 2314 Ἀπόῤῥητα,
523 2274 688 2313 ceterique.
706 2275 839 2305 Proinde
850 2276 947 2314 palam

239 2316 379 2345 omnibus
395 2315 542 2355 praedico,
557 2327 574 2346 a
590 2318 724 2347 secunda
739 2327 806 2356 quae
830 2328 848 2347 a
862 2323 948 2358 tergo

239 2369 313 2388 mox
325 2359 473 2397 sequitur,
486 2364 638 2390 caverent.
663 2361 793 2399 Irrepsit
805 2360 946 2392 nimirum

240 2401 272 2430 in
294 2411 347 2431 ora
367 2401 520 2431 hominum
539 2406 570 2432 et
590 2403 654 2433 dias
676 2414 741 2433 oras
764 2413 835 2433 cura
850 2405 946 2434 nostri

240 2444 373 2473 nondum
390 2444 525 2480 subacta,
540 2455 630 2483 quam
650 2445 680 2475 in
698 2446 803 2476 sedem
826 2446 946 2488 δευτερο-

239 2485 349 2524 λογίας,
360 2496 428 2515 cum
442 2491 539 2516 tamen
556 2498 574 2516 a
589 2488 683 2525 priori
699 2499 806 2539 neque.
811 2489 946 2520 locorum

241 2528 433 2564 tractatione,
448 2539 548 2569 neque
561 2531 720 2561 vocabulis
746 2532 824 2571 ipsis
848 2532 947 2563 ‹lisce-

241 2572 307 2612 dat,
322 2571 424 2610 inepte
448 2572 659 2611 compegerint
678 2574 821 2610 Librarii,
838 2574 947 2605 exinde

241 2614 273 2644 in
286 2614 447 2644 multorum
456 2614 605 2644 fallaciam
620 2616 756 2654 quotidie
765 2618 947 2655 depromen-

241 2657 323 2687 dam.
363 2657 475 2687 Evenit
485 2656 565 2687 enim
581 2663 696 2694 nostro,
712 2659 794 2688 sicut
808 2665 839 2689 et
851 2661 946 2698 pluri-

242 2699 303 2730 mis
319 2700 458 2730 evenisse
478 2711 597 2739 quoque
619 2702 725 2736 credo,
740 2707 775 2732 ut
798 2712 886 2741 quam
904 2704 946 2733 ibi

243 2742 449 2772 contentionis
462 2743 623 2782 imaginem
645 2744 764 2774 rudiori
780 2749 879 2783 tractu
894 2747 945 2775 ad-

244 2785 406 2820 umbravit,
424 2785 473 2815 hic
488 2786 644 2816 disertiori
666 2786 780 2816 lumine
800 2787 946 2818 orationis

244 2828 443 2866 exprimeret,
459 2834 501 2864 et,
518 2833 551 2858 ut
564 2830 604 2859 de
625 2840 656 2859 se
672 2830 714 2859 ait
729 2829 946 2866 Tertullianus,

244 2874 264 2886 ¹‘
283 2874 479 2909 properatum
509 2882 586 2910 opus
615 2872 749 2911 pleniore
779 2872 945 2911 scriptione

244 2912 463 2945 rescinderet?
509 2915 564 2945 Vel
588 2916 729 2952 sortasse,
746 2915 825 2954 quod
850 2916 944 2956 magis

136 346 214 381 313
231 326 620 390 οἷποβεβληκότοι,
648 349 726 379 ουκ
753 323 847 390 &Zeu
877 326 1020 392 αὐτῷ,
1048 323 1314 396 ὃημηγορειν·
1352 325 1392 379 ἓν
1413 349 1555 395 εκεινῳ
1577 326 1670 395 ‘7029

966 430 1088 459 demum
1112 430 1225 466 sentio,
1240 435 1305 459 acta
1321 434 1386 459 erat
1401 430 1453 460 illa
1467 441 1565 460 coram
1582 431 1669 461 Arbi-

967 474 1030 508 tris‚
1047 473 1109 512 qui,
1130 477 1163 502 ut
1178 473 1254 502 infra
1275 472 1432 509 discimus,
1452 473 1490 503 de
1511 474 1566 503 hac
1581 484 1671 504 causa

966 516 1054 554 prius
1070 517 1305 554 cognoscebant,
1321 516 1386 545 baec
1401 526 1502 545 coram
1516 515 1671 546 Judz'cibus

967 563 1037 597 post
1060 569 1169 588 annum
1188 559 1335 598 elapsum.
1379 559 1472 596 Quod
1495 563 1526 588 et
1547 559 1670 589 aliunde

969 601 1137 631 confirmari
1152 612 1242 640 posse
1258 602 1360 631 credo.
1383 602 1489 631 IDEM.

1011 643 1163 685 Λυσίθεος]
1181 645 1261 674 Infra
1272 644 1438 683 Dionysius
1449 643 1573 674 dicitur.
1588 645 1670 674 Non-

969 687 1051 716 nulla
1064 689 1190 717 fortasse
1201 688 1242 717 ibi
1254 698 1321 717 sum
1333 686 1552 717 admoniturus.
1568 688 1670 718 IDEM·

970 730 1106 769 Lysithei
1132 730 1246 769 pariter
1271 735 1361 769 atque
1385 730 1526 769 Dionysii
1552 731 1672 760 uomina

969 777 1052 802 recte
1073 773 1194 803 babent.
1239 773 1401 813 Lysitheus
1421 777 1486 802 erat
1502 777 1585 803 actor
1604 775 1671 812 ejus

969 826 1080 851 causze,
1114 826 1173 855 qua
1201 816 1422 846 Theomnestus
1452 815 1562 854 abjecti
1591 816 1673 847 scuti

969 869 1039 888 reus
1050 859 1205 898 agebatur.
1231 858 1399 898 Dionysius
1410 866 1510 888 autem
1525 858 1672 898 Lysitheo

971 912 1007 931 ea
1019 902 1048 931 in
1065 913 1156 932 causa
1172 912 1293 942 operam
1310 902 1403 931 dabat
1416 901 1547 931 dicendo
1562 902 1671 932 adver-

971 955 1022 974 sus
1041 945 1275 975 Theomnestum
1300 944 1483 980 testimonio,
1502 955 1673 983 quanquam

971 998 1010 1017 ex
1036 988 1260 1027 insequentibus
1285 986 1483 1026 intelligimus
1506 988 1674 1017 Theomne-

972 1036 1050 1060 stum
1068 1042 1188 1061 causam
1205 1031 1329 1065 vicisse,
1350 1035 1381 1060 et
1403 1030 1584 1070 Dionysium
1603 1030 1673 1060 falsi

970 1074 1045 1103 dicti
1069 1073 1235 1104 testimonii
1258 1072 1377 1104 nomino
1400 1077 1535 1104 notatum
1552 1073 1674 1103 infamia

970 1116 1076 1148 fuisse.
1100 1118 1219 1148 Rmsx.

1015 1160 1201 1201 Δημηγοξεῖν]
1241 1158 1496 1199 Ἀπαγοςεύειν,
1531 1160 1673 1189 Senon-T.

972 1202 1041 1233 Nan
1061 1205 1175 1234 licuisse
1202 1205 1245 1234 ire
1267 1203 1390 1243 inficias.
1423 1202 1545 1233 Somnia
1570 1203 1671 1231 mera!

972 1246 1056 1283 Quid
1083 1247 1173 1282 enim,
1197 1245 1374 1275 monstrum!
1402 1246 1441 1275 ad
1467 1246 1546 1275 hunc
1572 1245 1673 1274 locum

972 1290 1100 1325 confert,
1117 1290 1183 1320 sive
1199 1289 1362 1327 Lysitheus
1382 1288 1412 1317 in
1434 1298 1471 1318 eo
1481 1288 1600 1327 judicio
1620 1287 1673 1317 ad-

974 1333 1138 1362 versarium
1155 1338 1260 1362 nactus
1276 1331 1317 1361 sit
1337 1330 1500 1366 difficilem,
1517 1331 1581 1360 sive
1602 1340 1672 1360 con-

974 1375 1128 1405 fitentem?
1159 1375 1210 1405 Lis
1230 1379 1293 1404 erat
1313 1384 1349 1404 ea
1369 1373 1549 1412 δοκιμασίας.
1572 1374 1674 1412 Nega-

974 1419 1025 1448 bat
1041 1419 1158 1448 scilicet
1173 1418 1266 1448 ullum
1277 1417 1471 1447 Theomnesti
1487 1416 1534 1446 vel
1549 1426 1612 1445 voce
1626 1416 1674 1445 vel

973 1463 1091 1491 consitio
1116 1472 1192 1501 opus
1217 1471 1286 1490 esse
1314 1459 1503 1510 reipublicae,
1527 1459 1580 1498 qui
1608 1468 1675 1488 eam

974 1505 1064 1534 armis
1081 1510 1182 1544 tegere
1198 1514 1254 1543 per
1272 1503 1421 1541 ignaviam
1442 1512 1501 1531 non
1521 1501 1678 1531 sustinuit.

975 1547 1052 1577 Nam
1074 1548 1103 1577 in
1129 1552 1205 1577 orat.
1227 1557 1256 1577 c.
1275 1545 1429 1575 'limarclh
1449 1543 1576 1583 ἀπέδειξε
1595 1555 1677 1585 νομο-

975 1589 1072 1641 &fe-nc,
1087 1589 1129 1624 οὓς
1148 1591 1201 1631 χρῆ
1223 1589 1442 1629 δημηγορεῖν,
1461 1587 1509 1617 και
1527 1587 1572 1622 οὓς
1587 1586 1615 1616 οὗ
1637 1588 1681 1617 δεῖ

974 1632 1064 1671 λέγειν
1084 1631 1110 1663 ἓν
1128 1633 1171 1672 τῷ
1197 1632 1286 1672 3⁷4⁴&-
1329 1631 1396 1661 Τίσι
1419 1631 1445 1659 8:
1437 1629 1537 1670 ύτεξον
1556 1630 1677 1667 ἀπεῖπε,

974 1675 1072 1715 inquit
1088 1678 1211 1711 Orator,
1226 1687 1268 1714 μη
1283 1674 1383 1711 λέγειν·
1394 1672 1431 1706 εἷς
1446 1675 1501 1707 τὰς
1514 1672 1678 1713 στρατείας,

975 1719 1056 1758 φησι,
1076 1721 1118 1757 μὴ
1134 1716 1354 1759 ἔστςατευμενος
1367 1733 1409 1739 --
1425 1715 1439 1747 ἢ
1455 1717 1518 1746 τὴν
1539 1715 1678 1746 ἀσπίδα

975 1761 1244 1796 &messanae-54.
1263 1759 1409 1789 Rescribe
1420 1759 1534 1798 itaque
1543 1756 1680 1793 Λυσίθεος

976 1804 1151 1844 Θεόμνηστον
1172 1803 1338 1840 εἶσηγγελλε
1355 1803 1396 1831 τὰ
1413 1799 1491 1831 δ’πλα
1513 1801 1678 1835 ἀποβεβλη-

975 1847 1048 1878 κότα
1063 1847 1108 1877 οὐκ
1125 1847 1232 1885 ἀξιῶν
1245 1843 1349 1875 αὐτὸν
1381 1844 1553 1885 δημηγορειν,
1574 1844 1605 1873 id
1618 1849 1678 1880 est,

975 1889 1058 1928 ἀξιῶν
1066 1887 1146 1919 αὐτ-ὲν
1158 1890 1201 1928 μὴ
1217 1887 1386 1938 δημηγορεῖν,
1398 1887 1488 1917 solita
1500 1886 1613 1926 phrasi.
1630 1888 1681 1917 Ita

977 1939 1081 1963 noster
1110 1943 1137 1961 c.
1161 1931 1313 1961 Alcibiad.
1342 1928 1587 1962 Ἀντιβολησουσιν
1621 1929 1680 1959 οὐκ

978 1975 1158 2014 ἀξιοῦντες
1182 1985 1232 2004 του
1252 1972 1431 2006 Ἀλκιβιάδου
1449 1971 1518 2007 υιὲος
1539 1972 1680 2004 τοσαύτην

978 2017 1076 2048 δειλίαν
1105 2018 1286 2055 καταγνῶναι.
1331 2018 1372 2047 Et
1399 2026 1503 2045 rursus
1515 2026 1584 2067 “pro
1611 2016 1680 2046 Ari-

979 2104 1025 2132 καὶ
1048 2104 1168 2143 μεγάλοι
1189 2103 1329 2143 τεκμήξια
1349 2100 1582 2143 παρασχομένους
1604 2103 1681 2141 ἡμᾶς

979 2146 1152 2177 ἀπολέσθαι
1168 2145 1278 2180 ἀδίκως.
1302 2147 1342 2176 Et
1358 2156 1387 2176 c.
1403 2148 1528 2184 Agorat.
1549 2144 1681 2183 ‘Ogffivrzc

980 2192 1019 2219 τὰ
1035 2190 1201 2229 πράγματα
1216 2189 1270 2230 οὐχ
1284 2186 1326 2219 οἷα
1339 2187 1484 2219 ςέλτιστα
1498 2186 1524 2218 ἐν
1539 2187 1577 2228 τῇ
1590 2187 1682 2224 πόλει,

980 2232 1056 2270 ἄγειν
1070 2232 1125 2272 μὲν
1140 2231 1184 2263 τόν
1198 2231 1346 2273 Ἀγόρατον
1359 2232 1419 2262 οὐκ
1437 2230 1575 2269 ἔφασαν
1595 2240 1683 2270 vrgao·-

980 2275 1110 2306 ἡο-εσθαι.
1154 2276 1202 2305 Id.
1220 2276 1259 2306 de
1283 2276 1314 2307 S.
1333 2275 1416 2305 Oliv.
1440 2273 1536 2304 excis-
1578 2274 1683 2303 Ταῦτα

981 2318 1035 2357 μὲν
1044 2317 1134 2349 ἐνθάδε
1149 2319 1208 2349 οὐκ
1223 2317 1284 2349 οἵδ’
1297 2317 1341 2349 οτι
1350 2318 1395 2348 δει
1405 2316 1505 2356 λέγειν.
1527 2316 1683 2347 Plutarch.

981 2361 1011 2390 in
1035 2361 1187 2392 Alcibiad.
1209 2360 1402 2413 Ἐξοοτώμενοι
1425 2359 1467 2396 δὲ,
1491 2357 1537 2399 ἐφ’
1558 2357 1596 2393 οις
1615 2360 1685 2399 Equ-

981 2404 1077 2443 γμὲνοι
1100 2406 1298 2446 τυγχάνουσιν,
1312 2404 1370 2435 οὐκ
1389 2402 1530 2444 ἔφασαν
1548 2403 1619 2433 ηκειν
1632 2402 1683 2432 αὖ·

981 2449 1152 2488 τοκράτορες.
1196 2448 1268 2479 vid.
1284 2447 1373 2478 eund.
1389 2447 1428 2476 de
1444 2447 1514 2476 fort
1532 2445 1683 2475 Alexand.

982 2496 1058 2520 orat.
1078 2495 1106 2520 1.
1127 2501 1159 2529 p.
1180 2493 1254 2522 331.
1272 2492 1321 2526 Β.
1336 2488 1464 2520 Aristid.
1485 2499 1513 2518 c.
1528 2488 1609 2519 Plat.
1626 2498 1683 2527 pro

982 2538 1064 2572 quat.
1089 2533 1148 2564 vir.
1170 2534 1270 2564 statim
1293 2534 1326 2563 in
1346 2534 1459 2569 fronte,
1482 2531 1628 2571 Xenopb.
1651 2541 1683 2569 p.

983 2578 1057 2606 454.
1072 2570 1219 2612 B.‚'P1at.
1236 2576 1275 2606 de
1293 2578 1375 2615 Rep.
1390 2579 1413 2605 t.
1429 2579 1459 2605 1.
1475 2585 1507 2614 p.
1521 2576 1574 2605 34.
1597 2572 1683 2603 Edit.

981 2619 1110 2648 Massie.
1156 2620 1206 2649 Ita
1218 2619 1318 2649 Latini
1333 2620 1407 2648 sere.
1430 2617 1530 2647 Plaut.
1547 2615 1683 2647 Mosten.

982 2662 1007 2691 1.
1021 2663 1053 2691 3.
1069 2663 1121 2691 37.

1131 2706 1151 2721 “
1169 2704 1271 2734 Stulta
1285 2713 1317 2733 es
1332 2703 1435 2743 plane,
1447 2712 1515 2741 quae

1025 2746 1113 2776 Illum
1131 2746 1185 2776 tibi
1207 2752 1353 2776 aeternum
1369 2749 1458 2784 putes
1473 2746 1538 2775 fore
1553 2745 1681 2775 amicum

1151 2793 1182 2818 et
1196 2789 1439 2818 benevolentem.

1025 2831 1136 2860 Moneo
1152 2842 1208 2870 ego
1228 2837 1269 2865 te,
1285 2835 1315 2861 te
1333 2833 1457 2863 deseret
1476 2830 1528 2861 ille
1550 2834 1638 2861 aetate
1653 2832 1684 2858 et

1150 2874 1299 2904 satietate.

1026 2917 1077 2945 l‘h·
1123 2918 1194 2948 Non
1211 2916 1333 2957 spero.''
1481 2917 1637 2947 ΤΑηοιι.
