1839 3229
436 199 640 240 KATA
691 195 1322 241 ΕΡΑΤΟΣΘΕΝΟὙΣ.

1492 189 1597 243 371

157 337 236 365 και
261 309 455 381 πολεμον
481 309 553 364 επὶ
582 307 711 370 1τούς
735 310 773 363 ἓν
799 318 998 382 Πειραιεῖ
1011 308 1040 370 ἦ
1059 317 1151 367 τοῖς
1178 305 1226 393 ἐξ
1257 306 1421 366 οἷο-τεος
1454 306 1602 368 ἐποιη-

155 409 258 438 cxv.

303 384 358 440 2’ἢ
389 409 467 437 καί
504 403 705 476 φανερῶς
728 383 1080 450 Επεδὲίξθινῖθ,
1072 407 1137 434 Οτι
1174 405 1260 447 OUZ
1291 405 1395 467 υπέρ
1436 406 1519 432 va
1563 381 1602 432 {v

154 469 351 526 Πειραιεῖ
378 458 469 510 ουδ’
498 483 608 527 uva-ep
641 484 725 511 των
759 456 919 518 daz-⁶404
951 454 1270 527 α’πολλυμενων
1305 454 1600 527 ἓστασιαζον,

83 547 135 582 20
153 531 244 584 ουδ
271 534 308 584 οἱ
333 531 593 591 3τεθνεῶτες
619 557 782 592 αυτους
808 532 1006 595 ἐλύπουν,
1034 529 1124 584 οὐδ
1152 531 1191 582 οἷ
1214 529 1456 600 μελλοντες
1481 528 1600 580 oim-

150 608 412 669 θανεῖσθαι,
448 607 558 658 ἁλλ’
593 608 631 659 οἷ
667 607 814 680 μειζον
855 606 1093 677 δυναμενοι,
1130 602 1208 656 uoci
1242 605 1419 655 Sao-<ron
1457 617 1599 655 πλου-

150 704 340 740 τουντες.
379 679 595 741 λαβοντες
620 706 708 756 7²⁰⁶?
736 706 821 740 τας
843 705 998 773 αξχας
1023 705 1101 732 και
1129 679 1207 740 τὴν
1231 677 1369 730 πόλιν
1394 695 1600 746 αμφοτε-

147 779 228 829 ξοις
254 756 510 824 επολεμουιι,
540 779 630 814 τοις
656 780 705 807 τε
735 755 992 822 Τριακοντα
1017 778 1172 806 παντα
1200 777 1326 804 κακα
1355 750 1598 821 ειργασμέ-

147 853 229 888 νοις
250 851 327 879 και
357 829 455 897 υμῖν
489 853 654 921 πζαντα
690 854 816 881 κακα
853 829 1105 882 πεπονθοσι.
1142 826 1292 879 καίτοι
1329 850 1458 878 τουτο
1480 849 1596 878 πασι

145 901 323 963 δῆλον
295 910 359 964 ἠν,
387 927 475 965 οτι,
505 926 538 953 ει
565 928 643 972 μεν
671 927 814 955 εκεινοι
843 900 1064 961 ὃικαιΜως
1045 921 1240 968 εφευγον,
1268 901 1414 997 υμεΐς4
1413 899 1594 962 αὸικως,

1507 975 1519 990 e

145 976 182 1028 εἷ
210 974 252 1028 ὃ
279 1000 400 1045 υμεις
422 975 602 1040 αὸικως,
631 978 669 1029 οἷ
691 977 950 1069 Temnon-cz
979 974 1171 1034 ὃικαιως·
1201 999 1245 1027 ου
1274 1000 1363 1042 ’γαρ
1394 971 1475 1037 4δῆ
1501 975 1594 1026 ετέ-
1612 985 1690 1019 422

76 1071 128 1106 25
144 1075 221 1126 ξων
244 1049 374 1125 ἔργων
401 1075 554 1102 αιτιαν
575 1051 831 1113 λαβοντες’
817 1076 864 1104 εκ
887 1076 964 1110 τῆς
988 1048 1170 1108 πολεως
1197 1047 1426 1114 εξεπῑεσ-ον,
1461 1048 1594 1100 αλλα

229 1201 237 1219 ¹
252 1199 310 1232 τοῖς
325 1197 364 1229 A.
471 1198 484 1216 ‘-’
499 1199 520 1228 οἶ
536 1197 563 1228 δὲ
579 1198 618 1228 Τ.
639 1196 722 1227 obtat
734 1198 774 1228 A.

144 1314 211 1343 bus.
229 1317 258 1343 et
272 1313 298 1343 οἳ
309 1313 356 1343 καὶ
373 1325 411 1343 ex
429 1314 499 1344 MS.
515 1323 570 1354 pro
585 1314 607 1343 οἱ
621 1312 660 1343 δέ.
706 1315 754 1342 De
771 1314 849 1343 Cha-

142 1356 218 1385 riole
233 1356 302 1386 vide
320 1357 603 1396 Harpocrationem.
630 1358 849 1386 MARKLAND.

143 1400 208 1437 Ego
225 1400 262 1428 de
278 1410 344 1429 meo
361 1400 431 1429 dedi
449 1397 529 1433 αὖτις
550 1409 663 1433 rursus,
688 1400 792 1428 denuo.
819 1404 850 1429 ut

142 1442 240 1471 denuo
267 1442 467 1481 principatum
498 1442 756 1481 adipiscebantur,
781 1452 847 1471 nam

136 1485 200 1522 jam
223 1490 310 1515 antea
326 1486 414 1524 potiti
435 1495 533 1515 rerum
555 1486 682 1515 fuerant.
728 1485 849 1514 Dudum

141 1531 210 1556 ante
226 1527 270 1557 sic
285 1538 487 1562 correxeram,
511 1538 599 1566 quam
622 1533 776 1566 excerptae
798 1539 850 1557 va-

140 1569 252 1599 riantes
276 1582 292 1600 e
315 1571 420 1600 codice
444 1572 561 1600 Veneto
585 1570 621 1599 ad
645 1580 692 1599 me
709 1571 851 1609 perveni-

141 1618 217 1641 rent.
235 1624 293 1651 quo
310 1614 340 1642 in
356 1614 462 1643 codice
479 1619 525 1642 est
542 1613 648 1646 αὐτοῖς.
672 1614 751 1651 quod
776 1613 849 1642 illuc

141 1655 237 1684 ducit.
283 1656 457 1695 Saepissime
472 1656 525 1685 illa
540 1656 600 1685 duo
615 1656 711 1690 αὐτοῖς
728 1661 758 1685 et
773 1654 850 1690 αὖθις

141 1697 190 1726 vel
207 1695 289 1732 αὖτις
305 1700 382 1728 inter
398 1710 430 1728 se
446 1704 656 1738 permutantur
672 1709 689 1727 a
704 1699 848 1729 librariis.

144 1742 259 1771 errsx.

183 1785 246 1817 Τοῖς
271 1783 303 1823 ἐξ
327 1783 445 1824 ἄστεος]
472 1785 554 1823 Lege
584 1785 648 1818 τοὺς
677 1782 709 1822 ἐξ
735 1783 848 1819 ἄστεος.

139 1826 295 1857 ΤΛγιοη.
339 1828 425 1857 Verti
439 1837 474 1856 ao
491 1827 516 1856 si
538 1826 552 1858 ἢ
571 1837 694 1866 prorsus
717 1828 848 1857 abesset.

140 1869 258 1899 Rnisxz.

181 1912 257 1941 Πολὺ
270 1910 358 1952 μείζω
373 1912 480 1942 στάσιν
491 1912 538 1942 καὶ
551 1912 676 1950 πόλεμον
689 1911 735 1941 ἐπὶ
747 1912 812 1945 τοὺς
823 1911 849 1941 ἐν

139 1956 272 1994 Πειξοιιεῖ,
288 1954 301 1985 ἦ
316 1956 375 1989 τοῖς
398 1953 428 1993 ἐξ
450 1955 553 1988 ἄστεος
575 1954 721 1994 ἐποίησαν]
739 1955 848 1993 Taylo-

140 2007 192 2026 rus
207 1998 284 2036 legit
299 1997 313 2028 ἢ
330 1999 394 2031 τοὺς
410 1997 440 2037 ἐξ
453 1998 563 2033 ἄστεος,
581 2009 639 2027 non
656 1998 729 2027 satis
752 1997 848 2027 felici-

139 2044 197 2075 ter,
215 2050 262 2069 me
275 2041 393 2079 judice,
408 2045 512 2070 contra
526 2041 660 2070 liistoriae
678 2040 847 2070 veritatem.

140 2083 311 2112 Ostendere
340 2084 408 2112 vult
429 2084 538 2122 Lysias
561 2088 676 2114 tantum
700 2083 846 2119 abfuisse,

141 2130 174 2154 ut
187 2125 365 2161 decemviri,
382 2126 487 2164 ejectis
503 2127 608 2156 XXX
625 2126 762 2165 tyrannis
775 2137 845 2155 con-

141 2168 239 2197 stituti
263 2168 300 2197 ad
326 2169 493 2198 seditiones
516 2169 722 2208 tumultusque
740 2169 846 2198 sedan-

142 2211 197 2239 dos
211 2215 239 2239 et
252 2211 375 2240 exsules
387 2212 586 2247 reducendos,
597 2213 654 2241 hoc
666 2216 800 2250 agerent,
814 2217 847 2241 ut

142 2258 246 2282 contra
261 2254 372 2283 bellum
389 2259 548 2292 motusque
565 2254 703 2284 auxerint
718 2255 846 2284 civium·

141 2306 200 2334 que
222 2296 335 2325 animos
359 2296 451 2326 multo
468 2297 564 2335 magis
581 2296 791 2326 exacerbarint
811 2308 845 2326 ac

141 2339 359 2377 rempublicam
388 2339 605 2377 perturbarint.
666 2341 734 2368 Non
766 2339 844 2368 enim

140 2382 277 2410 fecerunt
305 2382 488 2411 seditionem
518 2382 692 2420 bellumque
721 2382 845 2420 gravius

141 2425 312 2459 exsulibus,
328 2435 416 2463 quam
429 2425 563 2460 urbanis,
575 2435 667 2464 quum
679 2424 736 2459 illi,
747 2425 847 2454 omnia

140 2467 365 2506 depopulantes
385 2472 474 2506 atque
498 2468 533 2497 ad
558 2468 625 2506 ipsa
639 2468 750 2497 moenia
762 2478 846 2497 acce-

141 2511 260 2546 dentes,
275 2511 381 2539 urbem
395 2511 502 2540 timore
519 2510 691 2545 miscerent,
705 2515 736 2539 et
759 2512 847 2539 urba-

141 2563 195 2582 nos
218 2553 249 2582 in
271 2553 419 2582 maximas
442 2555 594 2591 angustias
622 2552 848 2591 compellerent.

141 2596 214 2625 Hoc
224 2596 316 2633 igitur
326 2596 570 2635 dixeritLysias‚
583 2596 606 2625 si
618 2596 661 2625 ita
671 2596 848 2634 scripserit:

142 2640 215 2668 πολὺ
230 2637 320 2678 μείζω
335 2640 440 2668 στάσιν
461 2639 508 2668 καὶ
532 2638 653 2677 πόλεμον
670 2637 716 2668 ἐπὶ
741 2639 804 2672 τοὺς
825 2637 850 2668 ἐν

142 2683 264 2719 Πειραιεῖ
275 2682 334 2714 τοῖς
353 2680 384 2721 ἐξ
399 2682 502 2716 ἄστεος
522 2680 655 2711 ἐποίησαν
678 2682 725 2710 vel
749 2680 851 2711 ἐνεποί-

144 2734 223 2753 ησαν.
267 2725 366 2754 Unam
394 2725 530 2754 delemus
562 2724 740 2764 particulam
770 2723 783 2754 ἢ
811 2735 849 2754 ex

143 2765 256 2795 ultimis
284 2766 382 2796 literis
405 2767 493 2796 verbi
517 2767 713 2808 praecedentis
737 2772 850 2797 temere

144 2808 312 2844 repetitam.
335 2810 500 2840 SLn1rER.

180 2846 225 2888 ἲ’ῌ
242 2850 305 2889 καὶ]
335 2852 386 2881 Sic
401 2853 473 2882 dedi
486 2853 524 2882 de
540 2863 620 2883 meo.
663 2853 700 2882 In
717 2852 851 2892 vulgatis

146 2895 194 2920 est
217 2891 237 2920 οἱ
262 2891 299 2921 δέ.
324 2892 354 2922 in
379 2894 456 2924 cod.
472 2896 616 2934 Stephani
639 2908 660 2924 οι
686 2895 743 2925 καί.
771 2896 850 2935 quod

145 2933 256 2972 Taylor
273 2934 351 2964 haud
367 2937 457 2974 paulo
472 2939 583 2968 melius
600 2950 614 2967 ι·
621 2939 722 2978 ulgato
734 2939 853 2977 judicat

145 2985 224 3006 esse.
268 2976 303 3005 In
321 2977 451 3008 Vindob.
473 2986 522 3011 est
541 2980 555 3012 ἢ
578 2979 780 3022 xai.u¹1de⁷p
805 2981 854 3012 καῖ

883 1200 895 1218 ³
909 1194 1062 1228 τεθνειότες
1076 1195 1112 1225 Τ.
1128 1195 1166 1224 R.
1185 1193 1225 1224 A.
1347 1194 1359 1211 ⁴
1372 1191 1406 1222 δι’
1416 1194 1452 1222 Τ.
1467 1193 1508 1223 R.

885 1313 983 1343 effeci.
1007 1324 1060 1352 qna
1074 1314 1171 1342 etiam.
1199 1312 1318 1342 Rmsx.

926 1355 991 1385 Εἶθ’
1005 1357 1084 1395 υμεῖ
1077 1357 1101 1397 ]
1126 1355 1289 1385 Manifesto
1305 1354 1355 1384 hic
1365 1353 1453 1383 deest
1467 1352 1592 1392 aliquid.

885 1400 927 1429 Ut
944 1400 1045 1428 brevis
1062 1399 1129 1428 sim.
1148 1399 1191 1427 sic
1207 1403 1329 1427 autumo
1342 1397 1441 1426 locum
1455 1406 1520 1425 esse
1533 1396 1591 1434 leg.

884 1442 907 1471 εἶ
923 1441 976 1481 μὲν
992 1440 1083 1471 ἔκεινοι
1095 1429 1202 1474 δικαίως
1190 1440 1324 1480 ἔφευγον
1340 1439 1477 1487 (tyranni
1486 1439 1592 1488 puta),

885 1485 967 1523 ὑμεις
981 1483 1080 1519 dacum
1096 1483 1239 1524 ἐφεύγετε.
1286 1484 1318 1513 Si
1334 1481 1452 1522 tyranni
1469 1482 1513 1511 sic
1530 1492 1593 1511 me-

885 1528 935 1557 riti
961 1539 999 1557 ex
1025 1530 1098 1556 urbe
1123 1532 1193 1556 sunt
1219 1526 1356 1565 expulsi,
1387 1525 1472 1555 vobis
1497 1524 1527 1554 in
1556 1535 1592 1554 eo

885 1571 963 1600 facta
976 1575 1021 1599 est
1038 1570 1156 1608 injuria,
1181 1571 1260 1609 quod
1281 1570 1319 1598 ab
1336 1569 1382 1598 his
1398 1567 1593 1597 Decemviris

885 1613 1030 1652 prohibiti
1044 1614 1102 1642 fuis
1106 1613 1144 1642 tis
1156 1623 1173 1641 a
1188 1611 1418 1651 recuperatione
1428 1610 1545 1639 sedium
1563 1615 1593 1639 et

886 1657 1068 1685 fortunarum
1092 1662 1267 1685 v·.est1aru1n
1292 1654 1313 1684 εἰ
1329 1653 1356 1683 δὲ
1374 1654 1457 1693 ὑμεῖς
1472 1651 1592 1692 δικαίως,

883 1696 975 1728 ἐκεῖνοι
990 1697 1100 1732 αἰδίκως.
1145 1699 1197 1727 Sin
1215 1703 1315 1727 autem
1327 1698 1395 1734 jure
1412 1696 1520 1725 merito
1537 1706 1592 1724 vos

884 1742 1059 1778 exsulastis,
1078 1741 1216 1780 injuriam
1241 1739 1377 1778 tyrannis
1396 1739 1532 1768 fecerunt
1549 1738 1590 1773 lui,

883 1785 934 1822 qui
957 1795 1009 1813 eos
1034 1785 1228 1822 expulerunt.
1254 1780 1336 1811 οἰλλσί
1359 1779 1411 1821 γαῖξ
1436 1782 1517 1820 ὑμεις
1539 1792 1594 1819 μεν

882 1826 990 1862 ἀδίκως,
1006 1826 1097 1856 ἒκεινοι
1112 1826 1139 1856 δὲ
1156 1825 1272 1859 δικαίως.
1298 1825 1411 1854 Verum
1429 1824 1506 1853 enim
1523 1834 1593 1852 veno

884 1880 939 1899 vos
955 1875 1067 1909 praeter
1079 1871 1129 1908 jus
1150 1874 1182 1898 et
1201 1870 1245 1898 fas
1262 1867 1356 1908 patria
1374 1867 1526 1901 caruistis,
1544 1871 1592 1905 ty-

882 1913 964 1942 ranni
981 1917 1079 1942 autem
1097 1911 1140 1941 sic
1156 1911 1256 1941 meriti
1270 1914 1440 1940 caruerunt.
1463 1910 1567 1939 IDEM.

926 1956 955 1984 Εἴ
972 1954 994 1984 δ’
1009 1956 1091 1994 ὑμεῖς
1112 1953 1224 1988 αῗδίκως,
1248 1954 1268 1983 οῖ
1292 1954 1443 1993 τξιάκοντοι
1466 1951 1589 1991 δικαίως]

884 1998 957 2027 Rei
953 1998 1029 2027 kius
1059 1998 1154 2027 sensit
1177 1998 1214 2026 ad
1242 1996 1397 2026 sententiae
1420 2005 1530 2024 nexum
1563 2000 1594 2023 et

882 2041 1128 2081 perspicuitatem
1146 2040 1262 2079 aliquid
1279 2039 1398 2074 deesse,
1413 2039 1466 2067 sed
1481 2038 1592 2066 nodum

881 2084 1024 2119 dissecat,
1041 2094 1098 2113 non
1112 2083 1216 2118 solvit,
1228 2082 1407 2112 existimans
1421 2081 1483 2110 ltaec
1500 2080 1594 2109 verba

882 2137 949 2156 esse
965 2127 1127 2156 addenda:
1147 2124 1229 2155 α’λλαῖ
1245 2125 1300 2164 yde
1316 2125 1399 2163 ὑμεις
1413 2123 1468 2163 μὲν
1481 2121 1592 2157 αῗδίκαος,

880 2167 971 2199 ἓκεινει
990 2169 1047 2199 δὲ
1032 2169 1152 2202 οικοιίως.
1198 2169 1276 2198 Sane
1297 2168 1396 2196 fraudi
1421 2167 1477 2196 fuit
1499 2166 1592 2195 libra-

881 2213 934 2241 riis
950 2213 1002 2242 illa
1020 2213 1181 2242 verborum
1199 2210 1307 2243 δικαίως
1328 2215 1358 2239 et
1379 2208 1480 2243 εἰδίκως
1502 2219 1592 2247 repe-

881 2254 960 2290 titio,
977 2265 1043 2294 quae
1061 2255 1085 2284 si
1110 2265 1166 2284 suo
1189 2254 1295 2283 ordine
1319 2251 1592 2292 composuerimus,

880 2298 953 2327 nihil
983 2298 1113 2327 arbitror
1143 2306 1240 2335 neque
1276 2295 1313 2325 ad
1342 2294 1590 2334 perspicuitatem

880 2351 976 2379 neque
1000 2341 1038 2370 ad
1062 2339 1240 2379 elegantiam
1260 2339 1447 2368 defuturum.
1492 2338 1592 2367 Verus

881 2384 954 2413 ordo
968 2383 1017 2412 hic
1035 2393 1102 2412 esse
1126 2383 1270 2412 videtur:
1292 2381 1314 2410 εἰ
1337 2379 1392 2419 μὲν
1414 2379 1506 2410 ἐκεῖνοι
1531 2379 1592 2411 α’δί·

878 2436 933 2459 κως
943 2424 1066 2465 ἔφευγον,
1081 2426 1162 2464 ὑμεῖς
1173 2422 1293 2459 δικαίως,
1307 2423 1330 2453 εἰ
1347 2423 1370 2453 δ’
1385 2424 1467 2463 ὑμεῖς
1481 2421 1593 2458 αῗδίκως,

882 2470 904 2499 οἶ
920 2468 1071 2508 τξιοίκοντα.
1086 2467 1206 2502 δικαίως.
1252 2466 1303 2496 sio
1319 2467 1397 2496 enirn
1411 2467 1498 2495 simul
1516 2466 1593 2495 illud

883 2512 1056 2546 affirmatur,
1085 2512 1166 2549 quod
1191 2509 1336 2540 Reiskius
1360 2509 1477 2538 voluit:
1505 2510 1592 2547 quale

884 2553 1024 2585 Ciceroni
1038 2555 1149 2583 dicitur
1165 2557 1185 2570 “
1197 2557 1405 2592 argumentum
1419 2562 1456 2581 ex
1475 2556 1593 2581 contra-

885 2597 952 2632 rio‚’
956 2597 1017 2626 'de
1034 2598 1120 2626 Orat.
1136 2597 1158 2626 l.
1174 2597 1218 2626 11.
1233 2606 1259 2625 c.
1278 2598 1330 2625 40.
1361 2596 1527 2625 SLUITER.

929 2639 975 2670 Δι’
992 2638 1104 2680 ἑτέρων]
1128 2646 1164 2669 Π.
1180 2638 1233 2669 δη“
1226 2637 1332 2677 ετὲξων.
1356 2637 1400 2667 H
1414 2638 1591 2667 STEPHtx.

884 2684 921 2713 F.
939 2681 992 2712 θῖν’
985 2681 1090 2723 ετὲρῃν,
1113 2687 1145 2712 ut
1167 2682 1206 2711 sit
1228 2681 1302 2713 λαβέ
1290 2692 1364 2715 ντες
1385 2679 1479 2709 αἰτίαν
1501 2679 1593 2718 {gy-w.

886 2725 924 2755 In
942 2725 1023 2755 Edit.
1040 2726 1110 2755 min.
1140 2726 1297 2755 'rm-Lon.
1343 2725 1412 2753 Non
1434 2724 1523 2751 mate.
1549 2721 1593 2751 vi-

886 2768 976 2798 detur
1001 2774 1100 2798 tamen
1128 2768 1216 2797 etiam
1249 2767 1369 2805 vulgata
1391 2764 1461 2794 ferri
1491 2774 1594 2803 posse.

887 2822 944 2841 non
974 2811 1052 2840 enim
1078 2821 1131 2850 per
1166 2811 1225 2840 alia
1266 2808 1413 2848 quaepiam
1451 2807 1595 2841 facinora,

887 2865 975 2892 quarn
991 2864 1048 2893 per
1061 2854 1136 2889 haec,
1155 2853 1212 2883 sibi
1228 2852 1424 2881 offensionem
1446 2854 1536 2888 atque
1551 2849 1597 2878 iu-

888 2897 1006 2927 famiam
1023 2900 1249 2926 contraxerunt.
1275 2896 1391 2923 erlsn.

934 2938 1030 2969 Αἶτίαν
1054 2937 1202 2978 >tantais-reg]
1237 2937 1415 2974 Accipientes
1435 2934 1598 2964 criminati-

890 2993 980 3018 onem,
997 2983 1017 3012 i.
1028 2993 1055 3012 e.
1072 2980 1278 3012 criminatione
1302 2978 1400 3017 petiti.
1432 2978 1570 3009 AUGER.
