1819 3219
673 188 1004 231 PRAEFATIO.
1532 188 1556 227 3

113 297 189 334 tina
221 294 536 346 interpretatione
569 295 648 334 fere
684 297 956 335 destituantur.
1014 298 1114 341 Quae
1154 302 1211 334 est
1246 309 1334 334 sane
1373 300 1411 333 et
1440 294 1559 331 altera

111 357 283 395 conditio
303 358 530 396 Graecarnm
552 357 748 396 literarum
769 371 844 397 non
863 360 987 396 minus
1008 358 1188 404 dolenda,
1206 358 1327 408 quod,
1348 370 1434 394 cum
1455 354 1559 393 nude

111 418 338 464 prodierint,
361 419 421 456 vix
443 432 557 457 unum
580 426 645 457 aut
666 420 825 458 alterum
852 420 1047 458 inveniant
1067 426 1304 470 emptorem:
1340 430 1427 455 cum
1450 417 1560 454 vicis-

112 480 182 517 sim
202 480 295 517 nihil
311 481 509 531 quidpiam
531 481 608 518 fere
629 481 748 531 magis
765 482 812 519 ad
833 495 960 520 earum
984 482 1179 519 interitum
1201 478 1420 522 contulerit,
1443 490 1558 526 quam

111 542 307 592 popularis
335 542 398 580 illa
427 549 464 580 et
493 543 651 593 puerilis
672 544 864 581 versiones
895 544 1049 581 Latinas
1079 541 1275 580 attexendi
1297 538 1557 579 consuetudo.

112 603 173 640 Ita
190 617 237 640 ex
256 603 319 641 illa
339 611 449 654 parte
470 604 704 655 ignorantur,
728 620 774 642 ex
802 611 964 656 utraque
996 605 1254 655 negliguntur.
1313 602 1388 640 Sed
1422 601 1469 637 de
1500 600 1559 637 his

111 664 273 702 fortasse
295 665 386 702 satis
405 666 576 716 :aliquid
595 673 720 704 tamen
741 668 777 703 in
800 667 873 704 hoc
889 667 1019 704 limine
1035 666 1164 716 operis
1186 664 1426 716 praefandum
1442 660 1560 698 fuisse

113 725 220 770 duxi,
241 739 327 763 cum
348 726 395 763 de
417 727 550 764 horum
573 728 786 766 studiorum
808 728 1041 773 infortuniis,
1061 735 1141 765 tum
1170 726 1346 764 nonnihil
1375 724 1489 762 etiam
1510 722 1558 758 de

113 799 197 824 mea
216 787 484 837 intempestiva
505 802 620 839 opera
638 790 676 826 in
696 790 740 827 iis
764 789 1003 827 excolendis.
1062 790 1260 839 Superest,
1281 792 1323 824 ut
1342 786 1390 823 de
1409 786 1558 822 Aucto-

113 849 163 886 ris
184 849 304 887 nostri
323 850 559 888 orationibus
579 850 725 901 aliquid
747 851 913 889 addam:
935 851 1040 901 quali
1061 850 1208 888 scilicet
1226 849 1381 886 fortuna
1400 846 1438 883 in
1457 850 1560 883 utra-

113 923 190 959 que
211 915 417 947 aetateusae
440 911 527 955 sint,
545 917 626 949 tum
643 913 681 949 in
698 925 754 959 ea,
771 925 859 962 quae
879 912 1087 949 exstinctas
1108 911 1233 948 literas
1255 907 1462 959 praeiverit,
1477 911 1558 943 tum

111 972 150 1008 in
181 971 253 1009 hac
282 972 417 1018 altera,
445 986 532 1022 quae
552 974 842 1024 Typographiae
863 986 937 1023 ope
957 986 1095 1012 novam
1116 973 1298 1010 librorum
1320 969 1559 1009 edendorum

111 1033 297 1071 rationem
318 1034 554 1079 introduxit3
574 1035 744 1084 denique
764 1041 950 1085 quantum
972 1048 1043 1084 ego
1064 1035 1227 1084 praestiti
1240 1035 1278 1071 in
1299 1033 1370 1070 hac
1390 1029 1558 1068 editione

111 1094 348 1141 adornanda,
368 1100 407 1132 et
426 1095 568 1144 quibus
590 1095 771 1132 subsidiis
790 1095 948 1144 adjutus
968 1095 1006 1132 id
1025 1095 1151 1144 operis
1172 1095 1210 1130 in
1232 1108 1290 1130 ine
1310 1091 1473 1141 suscepi.

164 1155 208 1192 In
233 1155 492 1206 Scriptoribus
523 1156 771 1194 recensendis
796 1169 842 1193 eo
868 1155 1002 1193 melior
1031 1154 1104 1193 fuit
1123 1154 1371 1204 antiquorum
1391 1152 1559 1189 Critico-

112 1230 194 1254 rum
219 1217 385 1263 fortuna,
408 1217 514 1268 quod
535 1230 799 1268 saepenumero
820 1217 1078 1255 vetustissima
1098 1215 1327 1266 exemplaria
1348 1213 1450 1251 nacti
1471 1213 1558 1258 sint,

110 1284 149 1316 et
183 1291 271 1328 quae
301 1283 414 1316 aetate
449 1279 718 1329 praecederent
748 1278 936 1317 infinitam
965 1278 1077 1317 istam
1112 1277 1336 1315 varietatem
1367 1273 1558 1317 lectionis,

113 1352 226 1390 quam
248 1353 294 1377 ex
314 1340 613 1379 describentium
641 1341 701 1380 vel
733 1341 825 1379 dolo
858 1341 972 1388 malo,
998 1341 1058 1378 vel
1091 1340 1236 1378 incuria
1270 1337 1434 1376 subinde
1469 1334 1560 1372 oriri

110 1415 266 1441 necesse
289 1403 374 1442 fuit.
431 1404 574 1441 Eorum
604 1416 715 1441 usum
746 1403 994 1454 expediebat,
1027 1403 1135 1454 quod
1163 1401 1334 1439 nondum
1364 1398 1500 1449 optimi
1521 1402 1560 1434 et

111 1465 480 1515 autographiCodd.
504 1466 759 1504 Barbararum
781 1466 950 1516 gentium
971 1465 1138 1502 furorem
1159 1463 1309 1514 experti
1330 1463 1417 1507 sint,
1432 1471 1559 1509 neque

106 1525 187 1574 jam
219 1532 372 1577 reperto
401 1533 440 1564 et
464 1527 686 1565 introducto
706 1527 796 1566 artis
812 1527 1125 1579 Typograpliicae
1148 1539 1216 1563 usu
1242 1523 1469 1563 incuriosius
1490 1520 1560 1558 ob-

111 1589 252 1630 servari
272 1588 459 1638 coeperint
479 1595 595 1639 atque
628 1589 666 1626 in
700 1589 875 1627 manibus
906 1589 1100 1626 hominum
1134 1587 1318 1638 paulatim
1348 1598 1430 1623 esse
1455 1582 1558 1621 desi-

111 1649 222 1686 erint.
279 1650 472 1687 Memorat
493 1650 706 1688 Athenaeus
727 1650 773 1700 (si
795 1651 893 1687 bene
913 1649 1085 1694 memini,
1106 1662 1232 1698 neque
1252 1647 1352 1685 enim
1371 1646 1420 1683 ab
1436 1644 1557 1681 Athe-

111 1710 185 1747 naei
207 1710 372 1748 lectione
393 1723 526 1748 recens
554 1712 653 1759 sum)
675 1711 882 1761 Sophoclis
903 1710 1089 1748 Codicem
1112 1710 1161 1747 ab
1180 1710 1263 1758 ipso
1282 1713 1442 1745 auctore
1463 1705 1558 1743 scri-

110 1777 243 1821 ptum:
264 1772 472 1810 Pausanias
492 1773 529 1810 in
553 1772 733 1810 Boeoticis
755 1785 793 1810 se
815 1772 955 1810 vidisse
975 1771 1138 1809 affirmat
1160 1769 1316 1808 Hesiodi
1344 1780 1481 1819 poema
1508 1766 1558 1804 ab

109 1833 252 1871 accolis
275 1835 411 1872 montis
431 1835 630 1872 Heliconis
655 1834 727 1871 sibi
757 1840 1097 1872 commonstratum
1129 1831 1403 1882 antiquissimis
1434 1829 1558 1879 plum-

111 1896 192 1933 beis
226 1896 388 1943 laminis,
421 1897 680 1947 proculdubio
718 1896 948 1934 auctoritate
981 1896 1139 1947 publica
1169 1895 1206 1931 in
1239 1895 1423 1930 honorem
1462 1890 1560 1929 tanti

110 1958 203 1996 civis
223 1959 272 2009 (si
291 1958 384 1996 civis
404 1959 490 2007 fuit)
515 1965 725 1998 exaratum.
783 1959 1003 2008 Scriptores
1024 1957 1239 1996 emaculare
1261 1956 1395 2005 eisque
1416 1967 1462 1991 ex
1490 1966 1558 2003 ap-

108 2020 236 2069 posito
264 2020 520 2070 chirographo
554 2021 821 2059 anctoritatem
858 2020 1079 2065 conciliare,
1105 2031 1238 2056 eorum
1267 2023 1362 2062 erat,
1398 2017 1466 2065 qui
1498 2014 1558 2051 vel

108 2081 310 2130 primaevas
331 2082 572 2120 membranas
592 2085 653 2121 vel
685 2083 739 2120 eis
764 2083 958 2132 proximas
983 2086 1228 2132 usurparunt.
1287 2079 1346 2116 lta
1366 2078 1558 2115 Aristote-

108 2143 181 2180 lem
202 2144 396 2194 Tyrannio
417 2145 632 2182 emendavit
652 2145 830 2190 (dubium
852 2152 979 2182 tamen
997 2157 1044 2181 an
1066 2144 1239 2194 primus),
1269 2141 1337 2191 qui
1367 2154 1454 2177 cum
1483 2141 1559 2177 Lu-

110 2205 214 2243 cullo
234 2205 337 2251 vixit,
358 2206 407 2243 ab
427 2206 645 2244 Aristotelis
673 2212 787 2244 aetate
815 2220 891 2244 non
922 2207 1036 2256 longe
1066 2205 1266 2243 dissitus*
1325 2201 1560 2252 Antiquissi-

111 2280 194 2304 mus
227 2268 488 2317 proculdubio
516 2269 588 2306 fuit
609 2269 772 2306 Mnemo
793 2269 1056 2319 Pamphy-lius,
1089 2280 1205 2317 quem
1237 2267 1440 2318 διορθωτὴν
1464 2265 1560 2314 Hip-

108 2330 276 2379 pocratis
297 2330 466 2367 nominat
488 2330 675 2375 Galenus,
697 2331 841 2381 quippe
862 2330 910 2368 de
932 2329 1044 2379 cujus
1075 2329 1174 2366 notis
1203 2329 1349 2367 criticis
1376 2327 1425 2366 ad
1460 2326 1558 2376 Hip-

108 2396 305 2440 pocratem
327 2396 462 2441 postea
483 2393 720 2442 scripserunt
742 2392 905 2437 Medici,
926 2391 993 2441 qni
1013 2391 1191 2429 videntur
1211 2404 1233 2428 a
1253 2390 1376 2427 Plinio
1397 2387 1558 2426 laudari.

110 2453 153 2489 In
177 2453 435 2490 Romanorum
458 2452 611 2502 scriptis
632 2467 850 2504 quanquam
871 2454 921 2491 ob
944 2453 1121 2490 ludorum
1150 2451 1414 2489 celebritatem
1435 2456 1474 2487 et
1493 2463 1559 2486 ex-

110 2515 253 2551 cultam
275 2515 393 2564 magis
421 2515 666 2565 disciplinam
687 2515 933 2565 Exeniplaria
963 2520 1002 2552 et
1034 2514 1148 2551 latius
1181 2513 1386 2563 propagari
1417 2518 1456 2549 et
1484 2511 1560 2548 fre-

114 2577 292 2626 quentius
310 2576 477 2615 describi
500 2577 701 2627 coeperint,
717 2583 886 2616 attamen
906 2577 1006 2614 intra
1026 2589 1109 2613 eam
1131 2581 1285 2612 aetatem
1307 2574 1405 2611 serio
1425 2585 1560 2610 recen-

110 2639 181 2676 sita
200 2638 316 2676 fuisse
336 2639 572 2689 accepimus,
602 2652 689 2688 quae
721 2651 868 2676 summa
897 2637 1126 2676 auctoritate
1157 2636 1315 2674 destitui
1343 2648 1418 2673 non
1449 2640 1560 2684 pote-

110 2705 208 2737 rant.
265 2701 324 2738 Ita
344 2700 527 2738 Tacitum
547 2706 586 2738 et
607 2700 761 2750 Apuleii
782 2700 966 2738 nonnulla
987 2700 1212 2748 recognovit
1230 2698 1389 2747 Crispus
1403 2694 1559 2745 quidam

111 2761 317 2798 Sallustius
336 2774 436 2798 anno
457 2762 558 2799 AErae
579 2761 745 2812 vulgaris
766 2765 857 2808 395,
882 2762 948 2811 qui
976 2767 1057 2798 erat
1087 2761 1136 2797 ab
1165 2773 1324 2798 excessu
1357 2757 1559 2806 utriusque

111 2821 317 2871 Scriptoris
338 2821 435 2859 infra
456 2823 782 2860 trecentesimum.
838 2822 1041 2874 Vegetium
1058 2825 1117 2870 (ut
1136 2828 1195 2859 est
1217 2822 1254 2858 in
1271 2821 1356 2857 MS.
1371 2820 1559 2866 Puteano)

150 2921 169 2939 ³*
190 2922 289 2952 Strab.
305 2923 325 2953 Ι.
342 2925 391 2954 13.
406 2934 436 2961 p.
450 2926 522 2954 609.
541 2924 695 2954 Plutarch.
710 2924 739 2953 in
754 2925 814 2954 Lu·
852 2925 962 2955 Athen.
978 2925 998 2954 l.
1018 2928 1046 2954 1.
1072 2923 1209 2961 Heyscli.
1230 2922 1345 2952 illustr.

110 2963 191 2993 (tullo
215 2970 246 2994 et
269 2966 363 3005 Syna.
390 2967 528 2997 Ammon.
553 2967 582 2996 in
605 2968 658 2997 vit.
684 2967 813 2997 Aristot.
