1901 3244
252 180 334 220 676
559 182 642 222 AD
676 181 1018 223 VARIANTES
1054 178 1384 222 LECTIONES

304 295 330 332 p
349 288 386 320 9.
419 289 534 326 1742.
564 287 697 326 Codex
730 288 958 325 chartaceus
988 287 1119 324 saeculi
1148 286 1258 330 XVI,
1286 286 1384 323 inter
1403 283 1475 322 alia
1495 283 1696 321 continens

252 343 431 395 Dionysii
452 348 581 387 Halic.
609 349 658 386 de
686 348 822 398 priscis
850 347 1082 385 Rhetoribus
1109 348 1261 389 librum,
1294 345 1408 394 cujus
1432 357 1521 394 pars
1547 342 1697 381 deside—

251 410 384 449 ratur;
416 407 558 447 desinit
577 410 675 446 enim
697 410 734 445 in
757 410 867 445 Isaeo.
927 408 1001 444 Hic
1023 405 1363 457 legiturjudicium
1380 405 1428 442 de
1450 403 1576 454 Lysia.

303 478 330 514 p
352 471 414 505 10.
443 474 560 507 2131.
591 469 725 507 Codex
742 469 967 506 chartaceus
985 467 1115 504 saeculi
1141 468 1252 511 XVI,
1275 479 1354 515 quo
1381 466 1480 502 inter
1504 464 1578 501 alia
1605 474 1698 500 con-

252 525 395 564 tinetur
410 529 459 566 de
480 531 592 580 Lysia
611 536 761 567 oratore
775 528 982 578 judicium,
997 540 1084 565 cum
1104 528 1239 564 eodem
1261 539 1380 576 pravo
1401 525 1526 569 titulo,
1547 536 1592 561 ac
1613 535 1639 573 p
1657 525 1695 559 3.

303 600 329 636 p
348 593 413 626 11.
442 594 560 629 1983.
588 590 723 627 Codex
740 590 997 639 fragmentum
1017 588 1217 626 continens
1238 585 1420 624 orationis
1448 590 1582 623 contra
1601 583 1698 619 Dio·

251 647 434 697 gitouem.

575 764 808 801 CODICES
838 762 1365 800 SANGERMANENSES.

306 863 322 885 s
342 855 377 886 1.
408 848 543 885 Codex
569 849 886 885 membranaceus
915 850 1004 884 342.
1032 847 1123 884 olim
1152 847 1423 897 Seguerianus‚
1449 851 1585 894 postea
1610 843 1698 880 Coi-

252 909 450 955 slinianus,
475 909 588 946 hodie
615 922 705 945 vero
734 907 1086 957 Sangermanensis,
1108 908 1253 944 saeculo
1275 907 1349 943 XV
1371 911 1560 950 exaratus,
1581 904 1701 942 conti-

252 977 330 1015 net,
345 983 431 1007 cum
452 969 532 1006 aliis
552 969 758 1013 nonnullis,
776 982 908 1005 omnes
927 981 1015 1018 quae
1037 974 1244 1018 supersunt
1264 968 1387 1017 Lysiae
1408 964 1624 1008 orationes;
1646 965 1704 1002 eis

252 1030 425 1080 exceptis
441 1043 537 1079 quas
558 1031 720 1067 servavit
741 1029 950 1079 Dionysius
972 1029 1100 1066 Halic.
1118 1029 1155 1065 in
1177 1041 1245 1066 suo
1264 1028 1313 1065 de
1333 1025 1629 1078 Lysiajudicio.

306 1104 322 1127 s
338 1096 376 1128 2.
406 1090 542 1127 Codex
560 1091 875 1127 membranaceus
891 1094 982 1128 249.
1004 1102 1105 1127 nunc
1126 1088 1477 1138 Sangermaneusis,
1493 1100 1608 1136 quem
1621 1086 1703 1136 opi-

254 1157 367 1189 natur
386 1151 574 1202 Taylorus
588 1151 731 1188 saeculo
752 1151 787 1187 X
811 1157 1008 1188 exaratum
1025 1150 1160 1188 fuisse:
1192 1150 1222 1187 is
1241 1150 1360 1188 habet
1375 1155 1517 1199 praeter
1535 1148 1608 1186 alia
1627 1147 1702 1184 Fu-

253 1213 411 1250 nebrem
433 1213 559 1263 Lysiae
580 1213 805 1250 orationem.

311 1419 345 1442 v.
377 1405 512 1442 Codex
532 1405 860 1443 Vindobonensis.
921 1407 1060 1451 Quem,
1082 1406 1298 1444 consultum
1326 1406 1376 1442 ab
1403 1417 1479 1442 uno
1502 1418 1549 1442 ex
1572 1403 1704 1442 amicis

254 1466 347 1514 suis,
365 1479 387 1503 a
412 1479 489 1515 quo
511 1465 711 1502 Variantes
740 1478 871 1502 omnes
892 1466 1097 1503 Lectiones
1128 1466 1342 1515 religiosius
1370 1466 1575 1515 exscriptae
1599 1471 1703 1511 sunt,

255 1525 551 1574 flagitiosissime
565 1532 760 1562 exaratum
778 1531 818 1562 et
831 1525 979 1562 mendis
994 1525 1168 1575 plurimis
1183 1526 1426 1575 inquinatum
1443 1539 1527 1563 esse
1543 1525 1707 1562 affirmat

256 1587 448 1624 Reiskius.

308 1660 343 1683 a.
375 1647 509 1684 Codex
526 1649 784 1696 Augustanus,
806 1648 1020 1686 Funebrem
1039 1648 1162 1698 Lysiae
1181 1647 1392 1684 orationem
1414 1647 1513 1684 inter
1531 1647 1605 1683 alia
1619 1658 1709 1683 con-

256 1707 394 1744 tinens.
453 1709 489 1744 ls
519 1708 656 1753 codex,
687 1708 813 1757 inquit
843 1708 1021 1745 Reiskius
1051 1722 1073 1745 a
1102 1722 1179 1758 quo
1208 1708 1399 1755 laudatur,
1421 1714 1480 1745 est
1506 1707 1567 1744 ille
1594 1719 1708 1756 quem

256 1768 645 1806 Demosthenicorum
665 1769 859 1818 appellare
880 1769 985 1806 soleo
1007 1776 1203 1818 quartum.

310 1829 348 1865 b.
380 1829 516 1866 Codex
539 1830 814 1871 Brulartianus,
830 1830 922 1866 nihil
945 1830 1047 1866 aliud
1067 1837 1123 1867 est
1143 1843 1260 1879 quam
1277 1831 1357 1879 ipsa
1374 1830 1559 1879 Stephani
1575 1829 1709 1876 editio,

257 1902 345 1939 quae
370 1889 406 1925 in
438 1889 673 1926 bibliotheca
700 1890 801 1939 regia
822 1890 995 1926 Parisina
1017 1896 1234 1927 asservatur
1263 1903 1300 1927 n.
1329 1891 1380 1941 Χ.
1402 1894 1518 1930 1756.
1562 1891 1606 1926 In
1637 1890 1709 1927 hac

256 1949 424 1986 editione
450 1950 497 1986 ad
521 1950 726 1998 marginem
749 1950 1017 1987 nonnullarum
1040 1951 1167 2000 Lysiae
1192 1951 1406 1987 orationum
1429 1956 1617 1998 apparent
1637 1951 1708 1987 Le-

256 2009 406 2047 ctiones
425 2009 564 2059 aliquae
586 2010 739 2058 scriptae
757 2010 897 2047 Graece
920 2011 1096 2046 Brulartii
1115 2011 1158 2058 (f.
1180 2010 1273 2047 dicti
1301 2019 1359 2046 DE
1382 2020 1597 2054 SILLERY,
1616 2010 1708 2059 Epi-

257 2069 364 2119 scopi
377 2070 541 2118 primum
553 2069 819 2113 Abrincensis,
829 2070 969 2107 deinde
980 2070 1280 2117 Suessionensis)
1293 2083 1420 2115 manu,
1430 2083 1518 2119 quae
1530 2069 1710 2107 videntur

256 2142 339 2166 esse
360 2128 526 2177 alicujus
544 2129 659 2178 pretii
686 2135 724 2166 et
745 2130 940 2167 momenti.
1000 2130 1167 2167 Dubitat
1195 2130 1373 2167 Reiskius
1405 2136 1530 2167 utrum
1552 2129 1708 2168 schedae

257 2190 509 2227 Brulartianae
539 2202 615 2227 non
644 2189 720 2226 sint
741 2191 888 2228 eaedem
913 2203 1001 2228 cum
1022 2190 1306 2228 Groulartianis
1336 2203 1357 2228 a
1377 2190 1546 2241 Tayloro
1565 2190 1709 2240 passim

256 2251 436 2288 laudatis.

313 2323 334 2347 c
370 2315 403 2348 l.
451 2310 585 2347 Codex
617 2311 963 2361 Cantabrigiensis‚
1007 2312 1031 2348 i.
1067 2326 1101 2349 e.
1133 2312 1253 2349 editio
1284 2311 1439 2357 Aldina,
1470 2311 1508 2347 in
1543 2311 1708 2362 collegio

259 2371 308 2406 D.
325 2371 480 2407 Ioannis
499 2377 732 2417 asservatus,
748 2372 797 2408 ad
819 2372 931 2420 cujus
950 2373 1155 2421 marginem
1170 2373 1373 2410 Variantes
1390 2371 1563 2409 funebris
1585 2373 1707 2423 Lysiae

258 2431 441 2469 orationis
458 2432 659 2469 Lectiones
679 2433 884 2482 diligenter
902 2440 1096 2470 annotatae
1117 2440 1217 2471 sunt.

311 2507 332 2531 c
352 2497 391 2530 2.
423 2494 555 2530 Altera
575 2494 694 2531 editio
716 2494 871 2538 Aldina,
887 2495 925 2531 in
945 2494 1178 2531 bibliotheca
1207 2494 1360 2531 Ioannis
1381 2493 1483 2530 Mori
1503 2498 1706 2538 asservata,

257 2553 306 2590 ad
337 2553 448 2602 cujus
478 2553 687 2602 marginem
715 2554 914 2591 Variantes
942 2553 1112 2591 funebris
1143 2554 1268 2604 Lysiae
1301 2553 1513 2597 Orationis,
1541 2559 1579 2590 et
1606 2552 1707 2590 Vitae

259 2614 385 2664 Lysiae
401 2627 515 2664 quam
536 2614 765 2662 conscripsit
784 2615 989 2664 Dionysius
1007 2615 1149 2660 Halic.,
1177 2615 1377 2652 Lectiones
1396 2618 1590 2650 annotatae
1607 2619 1707 2651 sunt.

313 2675 350 2711 h.
376 2674 512 2711 Codex
529 2674 860 2711 Helinstadiensis.
877 2675 938 2712 Cf.
953 2675 1153 2712 Variantes
1177 2675 1383 2712 Lectiones
1404 2673 1452 2710 ad
1472 2673 1705 2711 AEschinem.

312 2735 351 2772 k.
382 2735 518 2772 Codex
541 2735 811 2779 Baroccianus,
832 2733 1030 2773 consultus
1045 2750 1067 2772 a
1086 2736 1281 2786 Tayloro:
1312 2734 1446 2772 eadem
1469 2733 1611 2784 (inquit
1628 2734 1709 2784 ille)

259 2803 300 2833 et
318 2802 432 2833 aetate
453 2802 490 2833 et
511 2795 589 2832 fide
612 2802 810 2833 exaratum
830 2808 875 2833 ac
896 2796 996 2833 Cod.
1020 2798 1216 2845 Sangerm.
1239 2800 1277 2833 2.
1321 2795 1358 2830 Is
1379 2794 1502 2832 codex
1533 2795 1708 2834 continet

262 2856 478 2893 Funebrem
501 2855 627 2905 Lysiae
648 2856 870 2892 orationem.
1684 2853 1687 2855 ’

317 2917 386 2966 *ff
417 2917 514 2954 Haec
536 2916 685 2953 Notitia
703 2928 747 2953 ex
770 2916 950 2953 Editione
971 2916 1112 2953 Athan.
1133 2915 1275 2966 Augeri
1297 2915 1490 2965 exscripta
1509 2922 1579 2952 est.
