1839 3229
192 166 270 208 158
402 164 437 206 Ι.
469 161 734 205 TAYLORI
768 157 1105 203 LECTIONES
1139 154 1427 199 LYSIACAE.

182 274 385 318 penultima
398 274 498 307 nulla
513 272 670 307 libertate
682 272 898 313 Groecorum,
912 270 1011 304 nullo
1020 280 1196 304 musarum
1201 266 1329 312 favore
1345 262 1499 311 produci
1515 262 1640 308 possit,

183 331 305 362 tamen
331 329 406 363 sive
431 339 581 373 pausam
608 327 712 362 metri
735 325 921 361 Trochaici
947 329 1066 369 aperte
1090 324 1210 357 violat.
1258 322 1336 355 Vix
1361 321 1455 354 enim
1482 318 1643 353 metricus

183 387 310 418 auctor
331 385 366 419 in
392 385 533 428 legibus
556 383 756 417 condendis
772 383 888 426 legem
910 381 1014 415 metri
1036 380 1196 422 violaret,
1213 378 1278 411 vix
1303 388 1413 420 suam,
1430 376 1492 421 qui
1508 387 1541 410 v.
1560 376 1642 409 314.

184 440 331 474 modum
349 440 416 474 sibi
432 440 500 484 ipsi
516 439 775 479 constituisset,

380 521 402 538 “
416 520 594 562 Regulam
614 528 756 551 servans
772 515 1000 561 ubiquefinis
1013 517 1052 548 ut
1068 512 1188 559 quarti
1204 512 1306 556 pedis

417 574 582 608 Nominis
602 573 747 606 verbive
757 572 836 616 fine
853 571 1012 614 (comma
1029 569 1182 613 primum
1200 567 1387 601 terminet:

416 629 500 662 Hac
518 628 613 661 enim
632 631 730 660 toma
747 625 935 671 probatur)
953 629 1090 658 metron
1109 624 1176 657 hoc
1189 620 1452 657 trocliaicum.”

185 709 283 750 Quid
300 710 406 752 ergo?
442 707 502 742 Tu
521 706 665 740 sanabis
682 707 750 740 hoc
768 710 874 750 pacto

379 789 401 805 “
413 786 486 827 Υἷες
502 789 543 822 ut
560 788 686 821 dicunt
707 787 851 830 Aoum,
868 790 978 831 γυῖα,
995 789 1076 829 μυῖα
1093 788 1131 819 et
1147 784 1267 818 talia.‘'

184 869 244 902 Ita
261 868 380 910 modo,
398 878 449 902 sc.
465 878 501 902 ν.
515 870 597 902 464.

381 949 406 965 “
419 948 478 982 Sic
496 950 532 981 et
549 948 688 982 Αἰνείαν
705 946 878 989 Achaeus,
897 950 1020 980 noster
1037 944 1188 979 AEnaecm
1204 942 1346 978 vocat.’'

185 1033 223 1063 et
239 1028 413 1070 similiter,
428 1030 511 1062 664.

380 1110 404 1127 “
418 1110 640 1154 Quanquam
656 1110 734 1142 ἴτυν
750 1108 878 1141 dicunt
893 1106 1037 1148 Achaei,
1051 1106 1143 1139 hanc
1158 1107 1283 1149 βίτυν
1301 1114 1390 1148 gens
1404 1101 1556 1138 AEolis.’'

185 1187 338 1231 Verum,
357 1192 399 1221 ut
414 1199 500 1221 cum
517 1188 666 1222 Sidonio
683 1188 809 1231 loquar
825 1186 946 1220 Carm.
961 1186 1035 1220 IX.

383 1267 407 1283 ‘⁴
420 1265 504 1299 Non
518 1266 675 1305 Marsus,
694 1266 807 1306 Pedo,
825 1264 945 1304 Silius,
964 1263 1137 1305 Tibullus,

419 1321 505 1355 Non
523 1320 622 1365 quod
635 1319 799 1364 Sulpiciae
811 1318 918 1362 jocus
935 1319 1072 1353 Thaliae

419 1376 568 1420 Scripsit
585 1374 857 1419 blandiloquum
873 1385 938 1407 suo
953 1375 1106 1414 Celeno,

420 1432 506 1466 Non
523 1430 632 1465 Persi
648 1431 741 1474 rigor
758 1434 821 1464 aut
838 1431 936 1473 lepos
954 1430 1136 1476 Properti,

420 1488 492 1521 Sed
510 1497 576 1521 nec
591 1486 805 1520 centimeter
821 1484 1089 1528 Terentianus‚”

189 1580 297 1615 quem
320 1573 441 1603 tamen
466 1568 502 1602 in
530 1567 609 1601 sinu
633 1567 796 1612 quotidie
814 1567 885 1600 sere
911 1570 1025 1610 gesto,
1045 1567 1152 1601 hodie
1180 1567 1268 1601 mihi
1289 1569 1383 1602 tanti
1409 1570 1504 1608 sunt,
1527 1568 1654 1612 quanti

190 1625 331 1668 Lysias,
349 1633 457 1668 quem
483 1623 628 1666 plurimi
646 1622 750 1663 facio,
766 1622 929 1666 tantique
947 1622 1105 1663 fecerim,
1123 1624 1164 1655 ut
1185 1633 1268 1656 eum
1286 1623 1442 1656 millenis
1460 1622 1604 1656 circiter
1619 1623 1656 1657 in

190 1680 278 1713 locis
291 1679 511 1722 restitutum,
525 1677 680 1710 nitidum
695 1680 731 1710 et
746 1688 838 1721 pene
853 1687 999 1719 novum,
1011 1678 1107 1719 Tibi,
1122 1678 1267 1720 Lector,
1282 1681 1422 1723 tuoque
1438 1678 1545 1720 genio
1559 1688 1659 1712 com·

191 1736 374 1768 mendem.
426 1733 605 1774 Quaedam
632 1735 809 1777 praeterea
826 1734 861 1766 in
881 1732 1023 1766 schedis
1040 1734 1131 1767 meis
1155 1733 1286 1776 raptim
1305 1733 1409 1766 video
1425 1736 1598 1776 congesta
1613 1733 1658 1766 de

192 1790 331 1823 Oberto
350 1788 558 1830 Decembri,
577 1788 651 1833 qui,
669 1798 717 1821 ex
736 1788 887 1821 Gesner}
905 1788 1130 1828 auctoritate,
1146 1788 1299 1822 Auctor-i
1322 1792 1443 1822 nostro
1461 1788 1573 1821 bonas
1592 1789 1658 1823 ho-

193 1855 250 1877 ras
266 1844 516 1887 impenderat:
532 1843 578 1877 de
599 1842 767 1884 Philisco,
784 1842 845 1886 qui
860 1846 1106 1886 portentosum
1123 1843 1217 1876 istud
1234 1843 1469 1887 Epigramma
1484 1844 1528 1877 de
1548 1844 1659 1888 Lysia

194 1899 279 1932 olim
297 1899 548 1932 concinnavit:
575 1899 621 1931 de
644 1898 789 1931 zosimo
806 1901 843 1931 et
861 1898 1008 1932 Zenone
1027 1899 1184 1942 antiquis
1210 1899 1330 1942 Lysiae
1353 1899 1657 1934 Commentatori-

196 1953 283 1986 bus:
309 1953 482 1986 nonnulla
506 1952 551 1985 de
578 1952 716 1986 Rutilio
744 1953 862 1996 Lupo,
891 1953 953 1996 qui
979 1956 1033 1985 tot
1059 1953 1180 1996 Lysiae
1204 1952 1337 1987 Latine
1360 1955 1595 1997 conservavit,
1622 1958 1659 1989 et

197 2008 302 2051 cujus
320 2010 420 2048 aetas,
438 2008 597 2040 studium
618 2010 655 2040 et
672 2008 838 2041 condicio
856 2007 927 2040 fere
950 2008 1170 2048 ignorantur.
1219 2008 1361 2042 Verum
1385 2009 1521 2042 instant
1535 2010 1660 2054 Typo-

197 2063 321 2107 graphi
334 2073 342 2101 ;
368 2062 505 2096 instant
531 2063 648 2104 amici,
672 2063 728 2096 vel
747 2064 792 2096 de
818 2073 896 2096 mea
917 2062 985 2095 fide
1003 2067 1147 2107 propter
1162 2074 1299 2100 moram
1323 2063 1491 2098 editionis
1508 2065 1660 2109 solliciti,

198 2120 255 2153 vel
274 2122 416 2164 propter
433 2119 565 2153 molem
583 2118 628 2152 de
645 2118 806 2152 fortunis.
856 2119 914 2152 Tu
933 2118 986 2151 his
1002 2118 1128 2152 fruere.
