1839 3229
60 2116 201 2155 lxxxvii

237 210 293 250 92
430 205 805 249 TESTIMONIA
836 203 1129 248 VETERUM
1164 204 1246 246 DE
1279 204 1468 247 LYSIA.

238 314 312 352 α’πὸ
345 318 407 352 τοῦ
437 313 719 365 διαλάμψαντος
749 314 789 351 ἔν
822 316 933 365 αὐτῷ·
981 312 1175 355 Λυσιακὸς
1215 312 1241 349 δ’
1272 314 1320 349 ἒὶν
1352 314 1493 355 εἰκότως
1526 313 1691 359 >xe-yma?

238 381 405 414 τοιαῦτα.

290 437 394 475 Ibid.
417 441 481 476 13.
509 437 641 476 Ταῦτα
660 439 702 475 οὺ
719 436 867 487 καθαροὶ
886 438 944 473 καὶ
964 434 1099 487 α’κριβῆ
1119 437 1177 472 καὶ
1198 445 1296 488 σαφῆ
1317 438 1376 473 καὶ
1397 435 1456 473 διά
1476 442 1547 473 τῶν
1562 437 1693 485 κυρίων

235 500 294 537 καὶ
316 506 444 538 κοινῶν
465 500 657 551 ὀνομάτων
677 502 1012 549 κατεσκευασμένα,
1034 500 1150 548 ὥςπερ
1170 501 1216 536 τοὶ
1235 497 1406 543 Λυσίου;
1430 498 1510 548 ἐμοὶ
1528 495 1596 547 μὲν
1617 498 1693 544 γάρ

234 561 417 613 ὑπάρχειν
449 561 553 599 δοκεῖ.
582 561 633 598 Τί
665 560 715 607 δὲ,
748 563 835 615 οὐχὶ
867 560 1043 611 σύντομα,
1073 561 1132 596 καὶ
1167 563 1396 609 στρογγύλα,
1429 561 1487 596 καὶ
1515 559 1694 603 ἀληθείας

232 625 366 674 μεστοὶ,
396 625 454 660 καὶ
482 625 548 668 τὴν
579 624 697 674 α’φελῆ
729 624 787 660 καὶ
817 621 1067 659 ἀκατάσκευον
1098 622 1345 674 ἐπιφαίνοντα
1375 622 1498 674 φύσιν,
1529 618 1694 669 καθάπερ

234 685 378 729 ἐκεῖνα;
400 683 564 722 Πάντων
582 683 651 736 μὲν
670 682 735 722 οὖν
755 684 938 735 μάλιστα.
959 682 1062 734 Οὐχὶ
1081 683 1117 722 δὲ
1138 685 1197 720 καὶ
1216 686 1371 729 πιθανά,
1387 684 1446 720 καὶ
1471 682 1512 719 ἐν
1531 680 1613 727 ἤθει
1632 683 1695 717 λε-

236 745 379 797 γόμενά
399 761 485 790 τινι,
507 746 565 782 καὶ
584 746 624 783 τὸ
643 747 783 796 πρέπον
797 750 873 788 τοῖς
892 745 1145 796 ὑποκειμένοις
1159 747 1370 796 προσώποις
1386 760 1424 783 τε
1441 745 1499 780 καὶ
1517 742 1695 794 πράγμα·

236 824 273 845 σι
293 807 547 859 φυλάττοντας
578 806 711 852 ἡδονῆς
732 806 768 844 δὲ
789 806 877 858 ἄρα,
898 808 956 844 καὶ
973 809 1131 853 πειθοῦς,
1153 809 1211 844 καὶ
1230 810 1406 860 χαρίτων,
1436 809 1558 855 καιροῦ
1578 818 1617 841 τε
1637 805 1697 840 καὶ

235 875 306 906 τῶν
326 868 470 914 ἄλλων,
491 869 517 905 εἳ
547 874 639 906 πᾶσι
669 874 746 912 τοῖς
769 868 977 911 Λυσιακοῖς
1002 869 1153 907 ἐπανθεῖ
1181 869 1326 916 λόγοις,
1357 863 1434 918 ἆρα
1463 867 1550 920 οὒχὶ
1569 867 1694 910 πολλὴ

233 933 346 981 μοίρα
359 944 370 974 ;

290 991 389 1029 Ibid.
409 991 544 1038 Φυσική
565 1009 621 1035 τις
636 993 815 1044 ἐπιτρέχει
835 998 913 1036 τοῖς
932 992 1079 1031 Λυσίου
1098 993 1231 1040 λόγοις
1250 992 1431 1041 εὓστομία
1450 991 1509 1027 καὶ
1527 989 1652 1041 χάρις,
1671 985 1697 1041 ᾗ

234 1055 404 1104 προῦχει,
424 1057 524 1100 πλὴν
543 1054 822 1106 Δημοσθένους,
837 1062 909 1093 τῶν
928 1056 1058 1093 ἄλλων
1075 1055 1252 1104 ῥητόρων.

289 1117 333 1154 In
365 1117 524 1156 Judicio
550 1118 598 1155 de
627 1118 860 1170 Thucydide
880 1122 944 1156 53.
1000 1118 1202 1167 Ἀντιφῶν,
1225 1115 1390 1161 Λυσίας,
1412 1114 1636 1165 Ἰσοκράτης,
1663 1114 1697 1151 οἱ

234 1179 513 1229 πρωτεύσαντες
532 1187 606 1218 τῶν
626 1181 707 1218 τότε
726 1181 903 1231 ῥητόρων.

697 1297 797 1335 DIO
827 1296 1288 1335 CHRYSOSTOMUS.

435 1383 528 1434 Περὶ
548 1385 666 1432 λόγου
689 1385 893 1429 ἀσκήσεως.
915 1396 953 1434 p.
972 1388 1062 1423 256.
1084 1383 1191 1421 Edit.
1214 1384 1370 1421 Morell.
1393 1387 1510 1422 1604.

286 1472 441 1510 Λυσίαν
458 1471 494 1509 δὲ
513 1470 723 1523 βραχύτητι
744 1474 802 1509 καὶ
817 1473 999 1519 ἁπλότητι
1018 1473 1076 1509 καὶ
1097 1472 1269 1524 συνεχείᾳ
1288 1472 1472 1518 διανοίας,
1493 1473 1551 1510 καὶ
1570 1474 1618 1524 τῷ
1634 1473 1696 1509 λε·

235 1535 386 1581 ληθέναι
406 1538 474 1579 τὴν
494 1533 699 1581 δεινότητα.

761 1654 1176 1697 QUINTILIANUS.

291 1748 428 1788 Jnstit.
454 1750 565 1787 Orat.
586 1748 669 1787 III.
691 1754 727 1788 8.
785 1750 925 1800 Neque
951 1751 1051 1789 enim
1084 1751 1209 1789 minus
1229 1751 1375 1789 viciosa
1405 1756 1465 1789 est
1492 1749 1645 1797 Oratio,
1665 1750 1697 1788 si

236 1813 287 1850 ab
318 1811 485 1857 homine,
509 1824 624 1861 quam
645 1811 676 1848 si
698 1824 718 1848 a
738 1825 791 1857 re,
810 1813 873 1849 cui
893 1813 1180 1850 accommodari
1202 1813 1354 1859 debuit,
1376 1812 1557 1850 dissidet:
1589 1812 1696 1850 ideo-

239 1888 315 1924 que
346 1873 480 1924 Lysias
501 1873 648 1924 optime
669 1873 823 1922 videtur
843 1874 879 1911 in
901 1874 961 1920 iis,
983 1888 1071 1924 quae
1093 1874 1289 1912 scribebat
1317 1874 1499 1921 indoctis,
1521 1886 1696 1912 servasse

236 1936 410 1975 veritatis
433 1935 564 1973 fidem.

291 1996 395 2035 Ibid.
418 1995 497 2034 IX.
519 2000 558 2033 4.
598 1996 740 2046 Neque
775 1997 879 2042 mihi,
913 1997 1127 2048 quamlibet
1165 2010 1326 2047 magnus
1355 1999 1520 2043 Auctor,
1557 1998 1697 2037 cicero

236 2059 483 2110 persuaserit,
499 2057 668 2108 Lysiam,
687 2059 945 2106 Herodotum,
962 2058 1233 2110 Thucydidem
1251 2072 1384 2109 parum
1399 2059 1595 2097 studiosos
1613 2059 1698 2109 ejus

235 2120 366 2160 fuisse.
424 2121 558 2158 Genus
590 2119 754 2158 fortasse
776 2121 851 2158 sint
873 2121 996 2158 secuti
1024 2134 1099 2159 non
1128 2121 1244 2167 idem,
1274 2120 1379 2171 quod
1411 2121 1698 2160 Demosthenes

236 2190 302 2221 aut
323 2183 447 2229 Plato,
466 2195 688 2232 quanquam
718 2189 757 2220 et
786 2182 811 2219 ii
841 2182 916 2232 ipsi
944 2183 1044 2220 inter
1070 2196 1110 2220 se
1138 2182 1342 2220 dissimiles
1369 2181 1538 2221 suerunt.
1595 2183 1698 2221 Nam

237 2257 362 2294 neque
385 2243 478 2281 illud
508 2243 546 2280 in
575 2243 690 2294 Lysia
711 2243 866 2281 dicendi
887 2250 1034 2282 textum
1063 2250 1176 2282 tenue
1199 2250 1317 2293 atque
1339 2256 1464 2281 rarum
1483 2243 1699 2282 laetioribus

236 2306 405 2343 numeris
422 2305 749 2355 corrumpendum
769 2312 865 2344 erat.
911 2305 1152 2343 Perdidisset
1170 2304 1270 2342 enim
1291 2304 1467 2355 gratiam,
1488 2318 1577 2354 quae
1597 2307 1635 2342 in
1651 2319 1699 2344 eo

236 2368 400 2406 maxima
420 2374 493 2414 est,
522 2367 708 2418 simplicis
735 2374 852 2419 atque
882 2367 1096 2405 iuaffectati
1125 2366 1289 2405 coloris:
1319 2366 1556 2417 perdidisset
1578 2366 1697 2406 fidem

237 2443 408 2480 quoque.

290 2491 394 2530 Ibid.
416 2491 471 2529 X.
494 2496 531 2529 1.
564 2491 636 2528 His
655 2498 771 2530 aetate
805 2492 938 2543 Lysias
968 2491 1104 2540 major,
1133 2490 1284 2528 subtilis
1313 2496 1431 2540 atque
1460 2491 1629 2541 elegans,
1657 2497 1697 2529 et

237 2566 316 2603 quo
346 2553 456 2598 nihil,
488 2553 518 2589 si
551 2553 709 2591 Oratori
737 2554 828 2591 satis
860 2554 908 2591 sit
936 2553 1091 2599 docere,
1119 2565 1270 2603 quaeras
1303 2552 1528 2602 perfectius.
1586 2553 1699 2592 Nihil

236 2615 338 2652 enim
363 2620 421 2652 est
449 2614 575 2660 inane,
597 2615 694 2652 nihil
721 2614 963 2663 arcessitum,
997 2627 1097 2666 puro
1116 2620 1244 2652 tamen
1274 2613 1385 2659 fonti,
1416 2627 1530 2664 quam
1558 2627 1698 2665 magno

236 2675 384 2713 flumini
404 2676 579 2726 propior.

290 2736 394 2775 [bid.
416 2736 493 2774 XI.
520 2742 555 2775 1.
587 2736 735 2788 Lysias,
758 2737 825 2787 qui
847 2744 926 2776 tum
955 2738 994 2774 in
1022 2736 1190 2775 dicendo
1214 2736 1558 2787 praestantissimus
1578 2738 1697 2776 habe-

236 2798 365 2837 batur.

292 2860 396 2899 Ibid.
419 2860 524 2898 XII.
545 2865 610 2898 10.
640 2860 742 2898 Nam
777 2860 862 2911 quis
894 2861 966 2898 erit
999 2860 1062 2898 hic
1089 2859 1273 2899 Atticus?
1321 2860 1380 2899 Sit
1414 2861 1561 2912 Lysias,
1592 2862 1697 2901 hunc

236 2922 335 2958 enim
356 2923 647 2972 amplectuutur
667 2928 859 2959 amatores
879 2921 988 2959 istius
1005 2921 1170 2959 nominis
1190 2921 1359 2960 modum.

291 2982 392 3022 [bid.
425 2983 529 3028 Quid
552 2983 756 3023 Periclea?
799 2983 1020 3022 Similemne
1041 2983 1233 3022 eredimus
1254 2983 1429 3035 Lysiacae
1450 2983 1670 3035 gracilitati.
