1819 3219
649 197 734 238 AD
770 194 1014 238 LYSIAM.

95 321 164 351 tur;
187 313 258 344 vide
283 323 376 355 supra
399 313 437 343 ad
456 315 529 349 131,
555 314 607 343 25.
652 313 730 343 Mox
749 313 804 343 lin.

97 367 148 396 15.
164 363 210 394 ἐπὶ
227 366 281 395 τῶν
296 367 326 393 λ’
345 364 518 394 certissime
535 364 685 394 servanda
702 367 783 393 sunt.

142 409 215 442 133,
231 410 284 438 38.
301 408 370 447 ὑμῖν
393 405 479 437 ἐλεεῖν
499 406 646 447 προσήκει]
662 407 687 437 ὑ.
703 409 745 446 μὴ
762 405 806 436 ἐλ.

97 461 170 480 mss.
186 461 282 489 neque
300 452 429 487 danm03
444 451 500 480 sed
512 460 615 480 verum
631 453 708 489 puto
725 450 806 480 ἑλεῖν.

100 493 172 523 vide
195 492 294 524 Arist.
312 493 399 524 Nub.
418 496 491 524 591.
507 498 538 523 et
554 496 628 524 843.
648 493 696 522 vel
719 492 807 522 καθε-

99 536 167 571 λεῖν,
183 547 243 575 quo
261 537 356 567 verbo
373 536 469 566 utitur
480 537 555 575 Lys.
573 547 603 575 p.
623 538 695 570 133,
714 538 764 566 13.

144 578 240 620 [109]
261 581 332 615 133,
349 582 400 611 43.
420 580 523 609 Malim
538 579 632 616 γονέας
643 578 811 618 πξεσβύτας

99 621 164 651 sine
180 630 234 661 σφ.
250 622 352 653 αὐτῶν.
392 623 446 652 Sin
461 622 560 651 minus
574 622 643 651 dele
660 629 747 661 σφετ.
763 621 810 650 αὖ.

102 669 172 694 ante
189 664 305 696 παίδων.
351 666 411 695 Sed
427 665 514 704 prius
531 665 646 704 placet.

147 711 219 744 134,
240 711 289 738 10.
308 709 400 747 Lege,
419 706 592 748 ἐπιτρέψειν,
611 707 660 738 vel
677 707 723 737 οὐκ
741 705 772 736 Ξιν
788 706 811 737 ἔ.

101 749 270 791 ἐπιτρέψαι.
288 751 367 780 Vide
384 752 420 781 ad
438 762 468 792 p.
488 753 560 786 131,
574 754 605 782 9.

150 797 225 830 134,
243 797 295 824 11.
321 794 430 824 Deleto
451 795 489 835 τῇ
510 793 605 830 πόλει,
629 794 710 832 quod
728 793 774 823 vel
797 803 813 822 e

103 837 265 878 superiore
290 837 339 867 vel
367 847 405 866 ex
433 837 576 866 inferiore
606 838 708 872 fluxit,
734 837 814 875 lege,

104 880 275 913 ἀπέκτεινας
296 878 437 918 μηνύσας,
459 879 544 914 αὐτὸς
567 878 760 912 ἐπιβουλεύων
783 890 815 908 τ.

106 936 139 956 π.
168 935 199 953 τ.
228 921 365 963 ἡμετέρῳ.
403 923 470 953 Imo
493 924 592 952 forsan
615 923 675 961 leg.
699 927 816 952 tantum

106 965 278 999 ἀπέκτεινας
295 964 436 1004 μηνύσας,
450 965 497 995 καὶ
510 966 598 999 αἴτιος
614 983 667 996 --.
694 966 770 995 Vide
781 964 817 994 ad

107 1021 140 1050 p.
160 1011 232 1044 134,
250 1011 302 1038 26.

154 1054 226 1087 134,
246 1054 296 1082 13.
311 1055 366 1083 τῶν
382 1051 464 1081 ἰδίων.
489 1051 568 1088 Quae
586 1051 651 1080 scil.
667 1049 758 1080 modo
775 1060 821 1079 re-

108 1099 271 1124 censuerat
288 1104 318 1134 p.
340 1098 412 1130 133,
428 1097 482 1125 40.
500 1100 559 1125 etc.
598 1094 679 1124 Vide
695 1103 765 1124 mox
784 1093 822 1122 ad

110 1149 141 1177 p.
160 1139 233 1173 136,
252 1138 302 1168 15.

156 1183 229 1215 134,
246 1183 297 1211 20.
315 1180 509 1219 εἷα-αγγεῖλαι.
555 1180 638 1218 Ergo
662 1179 725 1213 isti,
747 1188 823 1217 quos

111 1222 244 1263 ἐμήνυσε,
253 1224 383 1261 judicati
394 1227 463 1253 sunt
472 1233 528 1262 per
539 1221 739 1260 eicoeyyzm'afl.
762 1221 822 1251 Sed

113 1267 184 1296 vide
200 1277 231 1305 p.
247 1267 321 1302 1:35,
338 1268 368 1296 7.

155 1312 230 1345 134,
245 1311 298 1339 26.
312 1307 430 1342 δεδιότες
445 1326 487 1331 -
502 1308 589 1349 δῆμος
603 1308 673 1338 dele
686 1311 719 1337 ut
735 1307 824 1338 solio-

111 1352 185 1382 lion.
219 1352 298 1381 Vide
315 1353 351 1381 ad
370 1355 443 1387 134,
461 1355 513 1382 11.

157 1397 231 1431 134,
242 1396 295 1425 27.
311 1394 380 1424 ἀλλ’
392 1394 475 1435 οἶμαι
490 1395 571 1424 «πολὺ
583 1393 747 1430 τούναντίον,
759 1393 825 1422 τοῦ·

111 1448 168 1468 τον.
196 1438 371 1474 Bekkerus,
388 1448 485 1477 neque
501 1437 591 1467 male.
639 1437 717 1467 Vide
730 1438 827 1466 Strat-

113 1481 158 1510 tin
174 1480 317 1511 Athenaei
336 1481 400 1511 III.
421 1491 454 1520 p.
477 1484 550 1512 1⁰24.
571 1482 611 1510 D.
634 1480 695 1510 Sed
719 1479 827 1518 vulga-

114 1528 176 1554 tam
211 1534 268 1553 non
306 1523 529 1553 sollicitandam
556 1528 641 1563 puto.
695 1523 829 1562 Supplet

118 1566 281 1602 Reiskius,
296 1566 372 1604 ,ἀλλ’
394 1565 472 1609 (ὅτι)
494 1576 528 1596 π.
544 1578 574 1596 τ.
590 1566 690 1596 τούτου
711 1565 830 1606 ἔδρασαν

117 1610 159 1652 (οἳ
186 1609 412 1650 ἀποθανόντες).
438 1610 548 1640 Potius
569 1610 649 1638 ἀλλὰ
669 1619 704 1639 π.
724 1609 831 1640 τούναν.

118 1651 219 1683 τούτου
235 1651 372 1694 (ἔδρασαν
387 1654 409 1683 οἱ
425 1652 670 1693 ἀποκτείναντες).

163 1697 239 1731 134,
256 1697 308 1727 28.
322 1696 369 1725 οὐκ
384 1695 466 1735 οἶμαι
481 1712 525 1717 —-
539 1694 593 1724 οὐδ’
608 1694 653 1724 ἐὰν
666 1711 705 1716 -
722 1694 749 1723 οὗ
766 1693 830 1723 τού-

121 1749 172 1768 του
187 1755 230 1761 —-
244 1738 273 1768 οὐ
289 1739 353 1769 δεῖν.
403 1739 481 1768 Dele
497 1738 525 1767 οὐ
541 1743 609 1767 ante
625 1736 736 1766 τούτου.
760 1736 834 1766 reli-

122 1791 182 1821 qua
195 1781 339 1817 negativa
354 1781 469 1810 servari
481 1791 574 1821 posse
592 1780 744 1809 videntur.

165 1824 260 1865 [110]
279 1826 352 1859 134,
368 1826 420 1854 29.
435 1824 557 1863 μεγάλα
571 1824 648 1851 κακοὶ
665 1821 833 1861 ἓξγίισηται,

123 1865 160 1897 §v
175 1867 216 1906 μῆ
229 1864 277 1896 οἷόν
292 1877 325 1896 τε
340 1865 467 1905 γενέσθαι
484 1865 562 1895 ἐστὶν
574 1865 736 1905 ὑπερβολήν.
774 1864 834 1894 Μ1-

124 1920 190 1940 rum
205 1909 234 1938 ni
248 1909 311 1940 del.
326 1911 447 1949 μεγάλα
462 1909 550 1944 κακὰ,
568 1914 651 1938 certe
663 1908 798 1948 μεγάλα.

170 1954 244 1987 134,
260 1955 313 1983 30.
331 1954 413 1992 Lege
428 1950 578 1992 μέμνησθε
594 1962 662 1982 cum
680 1951 835 1990 Taylor03

126 1995 184 2025 nisi
202 1995 249 2025 vis
265 1995 330 2025 εἶτα
343 1996 393 2025 δεῖ.

172 2040 245 2073 1:34,
266 2041 319 2069 37.
336 2038 424 2068 οὔκουν
439 2055 482 2061 —-
497 2037 540 2066 δεῖ
553 2047 587 2066 σε
603 2054 644 2060 ——
667 2038 837 2075 συγγνώμης

128 2079 198 2115 τινὸς
213 2083 325 2121 τυχεῖν.
359 2081 458 2110 Valde
475 2086 663 2119 suspectum,
680 2080 709 2110 οὐ
725 2098 765 2102 -
780 2079 838 2113 τῖς,

130 2134 184 2164 pro
194 2123 287 2157 οὐδείς.
310 2124 371 2160 Αη,
382 2123 610 2154 οὐδηστινοσοῧνῖ
634 2124 709 2152 Nan]
721 2122 839 2161 simpli·

130 2167 209 2196 citer
224 2167 326 2196 delere
340 2166 412 2201 τινὸς
427 2167 531 2202 nolim,
548 2167 586 2196 ob
603 2166 778 2196 antithesin.

176 2210 249 2244 135,
267 2213 296 2241 2.
312 2209 456 2239 οὑτοσὶ-
467 2210 550 2248 Lege
562 2206 650 2243 οἶτος.
675 2210 743 2239 Non
756 2208 841 2247 Ago-

131 2256 226 2286 ratus,
242 2253 295 2281 sed
314 2253 533 2282 Menestralus.

177 2296 251 2330 135,
273 2298 302 2325 4.
320 2293 490 2334 εὑρίσκονται
517 2294 628 2324 Reisk.
652 2299 682 2324 et
704 2292 842 2323 Bekker.

133 2343 215 2368 recte
233 2342 266 2367 ut
281 2338 398 2377 opinor.
415 2347 537 2376 procare
546 2337 615 2367 him.
634 2338 712 2366 Vide
724 2347 756 2377 p.
770 2338 843 2372 130,

134 2383 186 2412 3⁰2.
206 2382 281 2417 131,
299 2383 330 2411 6.
363 2382 485 2410 Dawes.
509 2391 540 2419 p.
557 2381 631 2410 258.
652 2381 700 2410 ed.
721 2389 766 2418 pr.
789 2380 844 2408 im-

133 2429 262 2463 petrare,
290 2434 319 2454 c.
331 2423 445 2453 'Aloib.
470 2434 502 2462 p.
526 2425 599 2458 141,
625 2425 677 2453 25.
701 2423 726 2452 si
760 2426 844 2451 recte

138 2467 240 2496 habet.
268 2467 300 2496 Si
317 2477 386 2496 euni
408 2477 466 2496 ms.
483 2467 565 2504 legas
581 2465 763 2505 εὑςίσκουσ-ιν,
776 2474 846 2494 ver·

137 2509 263 2539 tendum
280 2514 395 2549 putem,
411 2509 479 2548 they
491 2510 583 2539 devise
596 2508 655 2549 for
670 2508 741 2539 him.

181 2552 255 2587 135,
270 2554 300 2582 6.
318 2553 400 2591 Lege
416 2553 515 2582 τοῦτον
532 2551 587 2592 μὲν
602 2551 699 2582 τοίνυν.

138 2605 171 2634 p.
191 2596 261 2631 135,
279 2597 332 2625 17.

185 2639 258 2673 135,
275 2640 305 2668 8.
322 2639 437 2667 Contra
456 2637 631 2667 Marklandi
657 2635 850 2671 sententiam,

140 2679 275 2714 λαβόντες
297 2679 323 2710 ἒν
343 2680 512 2720 δικαστηρίῳ
530 2681 687 2719 jungenda
710 2684 797 2719 puto,
818 2682 852 2707 ut

144 2724 250 2753 Reisk.
274 2728 305 2753 et
320 2723 426 2753 Bekk.
449 2728 483 2753 ut
508 2723 697 2753 constructio
720 2722 772 2758 sit,
796 2727 852 2750 λα-

142 2765 234 2800 ζόντες
256 2765 282 2795 ἐν
306 2765 486 2806 δικαστηςίῳ,
504 2765 639 2805 παξέδοτε
665 2771 725 2796 etc.
751 2766 786 2798 ὡς
807 2765 852 2794 ἆν-

146 2808 275 2848 δςοφὸνον,
287 2807 346 2839 ear.
362 2808 385 2838 δ.
398 2807 552 2848 καταψηφ.

188 2853 263 2886 135,
280 2854 330 2882 12.
344 2852 466 2887 Malim,
479 2852 540 2881 fere
554 2862 623 2881 curn
640 2850 779 2885 Reiskio,
792 2848 856 2880 καί·

146 2904 191 2923 τοι
212 2894 234 2923 εἷ
253 2893 364 2928 δικαίως
383 2893 478 2929 ἐκεῖνος
492 2913 533 2917 -—
545 2894 572 2928 ὅς
587 2905 619 2932 γε
643 2893 688 2923 τόν
710 2904 743 2923 τε
759 2900 797 2923 M.
813 2910 857 2916 —

149 2936 360 2977 ἄωογςαφεῖσι·
386 2935 431 2970 τίς
454 2939 509 2977 γὰρ
532 2937 703 2978 αἰτιώτερος,
727 2954 770 2959 —-
795 2936 856 2966 Sed

151 2988 258 3008 vereor
271 2990 307 3009 ne
323 2990 394 3010 sana
409 2980 469 3010 sint
485 2980 601 3016 ultima,
620 2985 654 3010 ut
667 2979 710 3013 τίς
725 2979 857 3009 αἰτιώτε-

151 3031 194 3059 ρος
207 3019 221 3050 ἢ
234 3022 298 3052 fere
313 3024 433 3053 valeant
446 3022 557 3054 πάντων
572 3024 755 3057 αἰτιώτατος.
779 3022 860 3053 Vide

743 2549 793 2580 Sic
810 2550 846 2579 ad

1499 204 1553 231 XV

839 322 873 342 un
893 320 948 349 pro
965 309 1042 339 ὥστε
1061 308 1226 347 legendum
1241 308 1279 337 sit
1296 308 1341 343 ὡς,
1357 318 1437 338 nam.

884 355 958 388 135,
978 354 1029 382 17.
1050 350 1207 390 ἐπετριψας
1228 350 1340 380 Reisk.
1363 355 1393 380 et
1416 349 1555 380 Bekker.

840 397 899 428 Sed
918 397 980 426 fere
996 395 1111 430 malim,
1125 392 1290 427 ἀπολέσαι,
1307 393 1352 421 καὶ
1371 391 1556 432 ἀπέγραψας.

887 441 959 476 135,
979 441 1029 468 18.
1045 438 1073 467 οὗ
1089 435 1255 471 καλῶςἈΘ.
1271 435 1350 465 ὄντα.
1390 436 1488 465 Valde
1506 446 1556 465 su-

844 482 948 523 spicor
964 483 1059 516 καλῶς
1075 485 1173 510 ortum
1187 491 1203 509 e
1219 478 1337 509 scholio
1353 478 1479 512 ἀληθῶς.

889 526 962 560 135,
983 525 1035 554 23.
1056 523 1104 554 καὶ
1127 524 1246 562 Ξενοφῶν
1261 539 1304 544 -
1319 521 1436 555 Θάσιος.
1477 521 1557 550 Dele

846 569 922 598 haec.
946 569 972 598 E
994 578 1026 608 p.
1042 569 1116 601 134,
1138 568 1278 596 38—40.
1323 563 1427 594 Sensit
1451 563 1558 593 vitium

846 611 1062 645 Marklandus,
1074 609 1152 640 male
1169 608 1301 638 curavit.

891 653 986 695 [112]
1001 655 1075 689 135,
1089 655 1142 684 30.
1157 653 1218 685 ’τοῖς
1231 647 1440 690 διαδεχομένοις
1454 648 1560 689 [στρα-

847 696 971 738 τηγοῖς].
1015 698 1091 726 Fere
1112 705 1289 735 persuasum
1303 694 1413 728 habeo,
1434 703 1561 733 στρατη-

847 742 907 778 γοῖς
922 751 990 770 esse
1006 740 1151 778 glossam.

894 785 968 819 135,
980 785 1036 814 40.
1053 781 1175 822 πολλὰ]
1192 779 1290 810 πάντα
1302 779 1476 809 Bekkerns.
1500 778 1561 814 Qu.

848 830 961 856 τᾶλλα.

895 871 969 905 136,
984 871 1015 898 8.
1031 867 1177 906 ἐξήγαγεν.
1222 866 1303 895 Vide
1320 874 1351 904 p.
1370 866 1444 899 117,
1462 866 1492 894 8.
1509 870 1563 893 λω-

852 911 978 943 ποδύτην
990 913 1090 947 ἀνω-κγ.
1135 910 1294 948 Epigram.
1306 907 1470 947 Sophoclis
1483 907 1564 946 apud

852 955 966 986 Athen.
984 953 1085 983 XIII.
1102 954 1177 982 604.
1193 952 1232 981 F.

899 999 972 1032 136,
992 999 1043 1026 15.
1060 994 1114 1035 ἰδία
1130 996 1168 1028 εἰς
1188 994 1309 1024 ἕκαστον
1333 994 1420 1032 ὑμῶν.
1471 992 1567 1022 Intel-

853 1040 934 1080 ligit,
947 1039 1066 1078 opinor,
1079 1049 1115 1068 ea
1131 1048 1199 1076 quae
1215 1042 1371 1067 enumerat
1386 1047 1416 1075 p.
1431 1038 1503 1071 133,
1515 1038 1568 1066 40.

855 1089 915 1113 ete.
943 1085 1015 1117 134,
1039 1084 1087 1112 13.
1110 1083 1184 1116 139,
1210 1083 1262 1110 10.
1308 1080 1369 1109 Sed
1391 1084 1422 1109 et
1444 1079 1482 1109 ad
1502 1080 1568 1117 ejus

855 1124 990 1167 μοιχείας
1006 1126 1056 1166 (p.
1074 1126 1148 1158 136,
1164 1122 1214 1163 2.)
1231 1123 1373 1162 respicit.

902 1172 975 1204 136,
985 1170 1093 1199 18.19.
1103 1165 1401 1197 Pessime'Aemiwv
1408 1163 1569 1194 Reiskius.

856 1212 931 1252 Ipsa
942 1211 1071 1241 formula
1082 1209 1211 1249 requirit
1222 1207 1368 1238 Ἀθηναῖον.
1383 1208 1464 1237 Vide
1473 1207 1572 1236 Arist.

857 1256 937 1286 Ach.
954 1256 1028 1285 145.
1044 1254 1120 1283 infra
1136 1254 1186 1282 lin.
1205 1254 1257 1282 27.
1272 1254 1324 1283 29.
1349 1253 1402 1282 33.
1425 1251 1478 1281 35.
1497 1252 1570 1285 137,

858 1300 888 1329 3.
903 1300 935 1329 5.

905 1342 978 1375 136,
995 1341 1047 1371 25.
1064 1339 1112 1369 οὐκ
1128 1337 1194 1369 οῖδε.
1217 1338 1301 1377 Lege
1314 1337 1380 1368 εῖδε.

904 1386 978 1418 137,
995 1386 1025 1414 5.
1042 1383 1157 1413 Melius
1171 1392 1242 1411 cum
1258 1381 1392 1420 'l'ayloro
1408 1378 1526 1418 ἐδίκαζε,
1541 1382 1575 1407 ut

862 1429 935 1462 136,
947 1429 1000 1457 33.
1034 1426 1168 1465 Vulgata
1177 1424 1375 1463 tautologiam
1390 1423 1482 1462 sapit.
1493 1421 1573 1451 Vide

861 1481 893 1510 p.
913 1471 1050 1507 175,15.

906 1515 981 1548 137,
1006 1515 1036 1543 9.
1058 1511 1105 1541 ἐπὶ
1131 1511 1220 1541 Φυλῆν
1242 1509 1280 1540 ad
1312 1518 1452 1539 nauseam
1476 1517 1573 1547 usque

863 1556 1023 1595 ingeritur.
1069 1554 1131 1584 Hic
1148 1555 1211 1593 leg.
1231 1553 1365 1589 videtur,
1386 1551 1429 1581 δ’τι
1450 1550 1505 1580 εἶα-ἶ
1521 1553 1577 1580 τῶν

864 1599 912 1638 ὑφ’
929 1599 1027 1634 αὑτοῦ,
1047 1597 1111 1627 that
1129 1598 1195 1636 they
1208 1606 1258 1626 are
1271 1605 1342 1626 some
1361 1594 1398 1636 (ψ’
1411 1594 1486 1624 those
1502 1594 1575 1623 who.

866 1643 1042 1682 Distingue,
1065 1640 1146 1670 αὐτὸν
1169 1640 1319 1682 τάχιστα,
1334 1643 1366 1668 ut
1386 1649 1417 1677 p.
1436 1639 1510 1672 150,
1530 1640 1582 1667 10.

865 1695 896 1715 as
913 1696 978 1715 soon
994 1695 1025 1715 as
1048 1694 1122 1713 ever.
1170 1683 1290 1712 Deinde
1315 1692 1407 1711 versu
1430 1683 1483 1710 13.
1509 1680 1579 1709 dele

866 1727 913 1758 ἐπὶ
926 1730 1014 1758 Φυλὴν
1024 1725 1230 1766 ροεΓἌνυτος,
1242 1729 1313 1754 etv.
1326 1726 1378 1753 17.
1389 1724 1579 1762 ροεῑτοῧτον.

911 1773 985 1806 137,
1006 1772 1054 1799 16.
1069 1769 1230 1808 στρατηγοῦ
1245 1767 1311 1796 sine
1325 1767 1374 1795 τοῦ
1389 1765 1552 1796 Bekkerus
1563 1775 1580 1794 e

868 1824 925 1843 mS.
943 1819 975 1843 ut
993 1813 1127 1842 videtur.
1151 1811 1275 1849 Alioqui
1290 1820 1400 1848 posses
1418 1813 1449 1838 et
1467 1809 1517 1837 τοῦ
1533 1809 1580 1837 ἇν-

869 1855 924 1896 δξδς
939 1857 1002 1896 cing.
1015 1859 1048 1884 ut
1063 1854 1200 1884 scholion
1217 1855 1257 1883 sit
1272 1863 1381 1891 στςατ.

915 1902 986 1934 137,
1009 1900 1059 1927 18.
1087 1896 1154 1926 ἀλλ’
1175 1895 1274 1936 ἕτερον.
1312 1896 1432 1924 Deesse
1461 1893 1582 1923 videtur

872 1943 995 1972 verbum
1013 1951 1106 1970 unum
1123 1944 1155 1970 et
1170 1940 1310 1969 alterum.
1356 1938 1425 1967 Nisi
1443 1938 1582 1967 vertend.

869 1985 918 2014 sed
938 1995 1000 2014 ecce
1021 1984 1072 2013 hoc
1093 1983 1231 2013 alterum.
1278 1982 1514 2015 Demosthenes,
1537 1980 1586 2009 καὶ

870 2030 926 2067 μὴν
949 2029 993 2056 καὶ
1016 2028 1111 2056 τοῦτο.
1157 2026 1235 2056 Vide
1253 2035 1318 2054 mea
1333 2035 1364 2063 p.
1382 2026 1435 2053 21.
1452 2024 1488 2052 ad
1509 2024 1585 2052 Phil.

870 2071 897 2101 Ι.
916 2081 946 2111 p.
962 2073 1015 2101 3⁶2.
1033 2071 1060 2110 ξ.
1080 2072 1130 2100 16.

917 2113 1011 2153 [113]
1032 2115 1103 2147 137,
1121 2113 1170 2141 19.
1190 2110 1275 2148 Lego
1299 2109 1360 2139 οὔτε
1383 2108 1452 2147 ταξ.
1477 2109 1516 2142 εἷς
1538 2109 1587 2139 τῆν

873 2156 955 2195 τάξιν
971 2158 1025 2196 (ut
1043 2165 1133 2185 versu
1152 2152 1223 2193 55.)
1238 2171 1281 2175 —
1296 2152 1402 2193 (φυλὴν
1418 2151 1488 2181 scil.
1504 2162 1520 2180 e
1539 2151 1586 2181 vi-

875 2200 954 2229 cinis
970 2198 1099 2235 ortum).
1144 2197 1206 2226 Vix
1227 2197 1305 2225 enim
1323 2196 1365 2224 ita
1379 2195 1528 2224 distracta
1544 2194 1587 2223 ci-

877 2243 972 2272 vitate
995 2242 1084 2281 pauci
1107 2240 1217 2270 exules
1239 2250 1295 2278 per
1319 2238 1417 2268 tribus
1440 2242 1471 2267 et
1493 2237 1591 2276 τάξεις

876 2285 1149 2324 dispertiebantur.
1195 2283 1286 2311 Cadit
1307 2292 1374 2311 mea
1396 2281 1532 2319 objectio
1549 2280 1591 2309 si-

877 2328 1000 2367 quidem
1022 2329 1077 2357 hoc
1094 2327 1163 2355 loco
1179 2327 1252 2364 φυλὴ
1267 2326 1306 2354 de
1323 2323 1491 2362 equitibus,
1508 2322 1590 2361 τάξις

877 2372 916 2401 de
934 2371 1050 2410 pedite.
1096 2370 1174 2398 Vide
1196 2379 1228 2407 p.
1249 2369 1324 2403 144,
1342 2369 1394 2398 37.
1440 2366 1501 2395 Sed
1526 2372 1589 2395 tuin

878 2415 1043 2443 mutandus
1069 2417 1151 2442 esset
1167 2412 1253 2441 locus
1271 2421 1299 2440 v.
1315 2411 1368 2440 35.
1384 2419 1482 2448 neque
1507 2413 1591 2438 muto

880 2457 1075 2487 senteutiam.

927 2503 1000 2534 137,
1016 2502 1069 2529 20.
1092 2497 1202 2527 Malim
1219 2497 1248 2526 αἱ
1271 2494 1437 2533 διαλλαγαί.
1458 2493 1592 2528 Deinde,

882 2543 904 2571 οἳ
929 2542 959 2572 ἐκ
982 2543 1114 2581 Πειξαιῶς
1136 2542 1185 2570 τῆν
1201 2550 1234 2569 π.
1250 2538 1287 2572 εἷς
1303 2537 1384 2568 πόλιν
1398 2555 1441 2561 —
1456 2537 1523 2566 Αἴσ.
1539 2539 1594 2565 τῶν

883 2583 1006 2615 ὁπλιτῶν
1030 2585 1106 2625 <hoo
1129 2581 1265 2621 Markl.)
1281 2581 1415 2619 -μετὲι
1436 2582 1491 2609 τῶν
1514 2579 1597 2609 ὁπλι·

883 2630 938 2658 τῶν
949 2646 992 2651 -
1007 2627 1037 2657 ἐκ
1050 2629 1104 2656 τῶν
1119 2627 1254 2656 ὁπλιτῶν.
1286 2624 1319 2653 81
1335 2625 1454 2654 πολῖται
1470 2632 1594 2652 servan—

885 2672 957 2700 dum
977 2674 1070 2705 esset,
1087 2670 1116 2698 in
1139 2669 1275 2698 oratione
1297 2667 1424 2702 „Esimh
1446 2676 1516 2695 mox
1541 2665 1596 2693 lin.

886 2716 938 2746 27.
955 2716 1112 2752 oporteret
1127 2712 1231 2748 δοῦλον,
1247 2709 1293 2739 οὐκ
1308 2709 1407 2745 ἀστὸν,
1424 2709 1470 2738 vel
1487 2707 1598 2737 simile.

887 2758 1052 2796 Nunquam
1082 2755 1204 2784 memini
1232 2758 1358 2783 vocatos
1384 2750 1506 2784 πολίτας
1543 2751 1597 2779 ab·

888 2800 999 2835 solute,
1015 2800 1085 2828 illos
1100 2797 1151 2836 qui
1168 2808 1184 2826 e
1201 2797 1320 2826 Piraeeo
1339 2795 1450 2832 Remp.
1467 2803 1597 2831 recupe-

890 2847 1043 2873 raverunt.
1089 2840 1279 2879 Simpliciter
1304 2837 1367 2866 dici
1393 2837 1493 2865 solent
1520 2836 1541 2865 οἳ
1566 2834 1597 2865 ἐκ

889 2887 1030 2925 Πειραιῶς.
1049 2884 1226 2923 aliquando,
1244 2882 1273 2910 ni
1289 2880 1389 2915 fallor,
1405 2879 1416 2908 ὁ
1434 2879 1531 2918 δῆμος,
1550 2879 1597 2907 vel

891 2928 924 2958 τὸ
940 2928 1063 2963 πλῆθος,
1081 2938 1096 2957 e
1110 2926 1229 2956 Piraeeo
1243 2924 1360 2953 redisse
1374 2922 1496 2952 dicitur.
1522 2922 1599 2951 Fos-

893 2971 935 3001 sis
950 2972 971 3001 οῖ
987 2971 1104 3000 πολῖται
1121 2969 1142 2998 οἱ
1158 2967 1189 2997 ἐκ
1204 2973 1240 2996 Π.
1258 2966 1310 2996 sed
1328 2965 1357 2995 in
1380 2965 1516 2995 oratione
1539 2969 1598 2994 tam

894 3014 1078 3053 interpolata
1105 3011 1180 3042 illud
1208 3009 1315 3039 satius.
1361 3009 1438 3038 Mox
1470 3008 1524 3037 lin.
1548 3009 1600 3037 ⁰29.
