1839 3229
268 193 293 234 6
831 193 864 236 Ι.
897 193 1162 235 TAYLORI

266 296 493 348 Ἰφικράτους
518 297 654 348 δωρεᾶς
673 297 812 346 βιβλία
831 299 873 347 β.
894 302 1143 351 ὑπομνήματα
1162 303 1215 344 εἰς
1234 299 1317 342 τοὺς
1336 299 1487 341 λοιποὺς
1506 300 1643 346 λόγους
1661 300 1725 335 τοῦ

272 357 434 395 Λυσίου.
1688 355 1690 357 ¹

325 420 499 465 Paulum,
523 420 654 465 cred0,
675 427 790 459 aetate
809 424 1003 462 anteivere
1031 431 1193 476 uterque
1216 431 1258 462 et>
1276 422 1645 474 Dionysius'Halic.
1668 433 1718 458 sc.

272 489 311 518 et
330 481 526 528 Caecilius,
549 484 613 532 qui
633 497 680 520 ex
699 484 940 522 orationibus
969 486 1094 537 Lysiae
1114 492 1205 525 4:223.
1233 498 1430 541 germanas
1464 497 1548 521 esse
1571 483 1722 527 volunt,

268 556 345 580 non
367 544 437 580 nisi
467 548 544 581 230
572 544 688 592 juxta
710 545 984 585 Plutarchum:
1016 556 1082 587 aut
1109 564 1195 587 cum
1217 548 1358 586 Pliotio
1378 551 1470 584 233.
1526 544 1721 596 Dionysio

273 606 433 642 multum
455 605 574 642 debet
597 606 749 656 Lysias:
773 608 998 656 gravissimo
1019 611 1140 648 omnis
1163 612 1354 648 memoriae
1375 609 1412 645 in
1430 608 1544 645 rebus
1559 619 1722 657 praeser-

271 667 336 702 tim
358 666 500 703 criticis
521 667 682 712 auctori,
703 674 746 704 ut
765 676 844 706 erat
864 670 1016 719 ingenio
1036 674 1245 709 acerrimus
1265 678 1304 709 et
1325 670 1530 720 multiplici
1553 669 1721 706 lectione

271 727 605 766 instructissimus.
665 730 810 767 Praeter
830 743 926 776 eam,
948 745 1036 782 quae
1055 741 1232 783 superest
1249 734 1297 771 de
1315 733 1428 783 Lysia
1449 730 1575 769 Crisin
1597 729 1723 780 (quod

265 801 369 838 ,opus
391 789 645 826 emaculatius
667 789 796 839 longe,
823 797 866 828 ut
896 804 1022 841 spero,
1057 793 1170 842 quam
1203 793 1242 831 in
1267 793 1430 843 vulgatis
1458 790 1724 841 repraesentari

270 850 437 894 solebam
463 850 554 888 huic
581 850 756 889 Editioni
783 854 959 903 praeponi
990 855 1236 903 curavimus),
1268 853 1613 894 commentarium*
1629 852 1724 890 scri-

269 911 347 962 psit
366 911 415 948 de
437 911 709 962 dignoscendis
728 913 852 964 Lysiae
872 915 1111 954 orationibus
1131 918 1320 967 germanis
1339 923 1378 955 et
1396 914 1640 961 adulterinis,
1653 914 1724 952 ho-

270 973 334 1011 die
356 986 495 1024 magno
516 974 570 1011 rei
592 974 767 1012 literariae
786 975 1017 1014 detrimento
1036 991 1112 1016 non
1132 984 1361 1016 exstantem.

326 1035 570 1086 Dionysius³r
594 1042 709 1074 aetate
721 1043 759 1074 et
778 1038 914 1076 studiis
928 1040 1106 1077 aemulum
1128 1040 1261 1078 habuit
1276 1039 1478 1078 Caecilium
1496 1038 1723 1082 Rhetorem,

269 1096 426 1134 natione
447 1097 634 1143 Siculum,
657 1098 782 1148 patria
812 1100 1088 1147 Calactinum.1
1145 1101 1310 1152 Scripsit
1339 1101 1403 1139 ille
1430 1098 1624 1151 σύγκρισιν
1643 1099 1725 1137 De-

270 1160 482 1198 mosthenis
502 1166 541 1197 et
561 1160 786 1199 Ciceronis:
809 1162 1083 1202 Demosthenis
1111 1164 1200 1202 item
1222 1171 1261 1202 et
1280 1164 1472 1202 AEschinis
1490 1176 1499 1201 :
1523 1161 1725 1201 Dictiona-

270 1222 366 1259 rium
397 1235 442 1259 ex
473 1221 610 1260 ordine
645 1223 866 1262 literarum:
889 1226 949 1263 De
973 1226 1249 1264 Demosthenis
1277 1226 1516 1264 orationibus
1535 1223 1726 1275 germanis

269 1289 309 1320 et
329 1283 470 1334 spuriis
488 1297 496 1320 :
518 1284 565 1321 de
584 1284 805 1323 charactere
827 1286 862 1323 X
886 1288 1118 1325 Oratorum:
1152 1288 1385 1338 singularem
1405 1286 1723 1326 commentarium

270 1346 318 1383 de
340 1346 598 1396 Antiphonte‚
621 1353 740 1397 atque
761 1348 835 1385 alia
856 1351 1062 1399 permulta,
1079 1351 1127 1388 de
1149 1350 1290 1400 quibus
1306 1350 1446 1388 Suidas
1462 1348 1726 1387 consulendus

269 1408 355 1446 erit.
414 1408 638 1446 Laudantur
658 1422 679 1446 a
701 1410 876 1460 Longino
891 1415 921 1458 ξ.
939 1415 1002 1449 32.
1017 1412 1132 1460 juxta
1152 1412 1268 1450 finem
1285 1413 1370 1462 ejus
1391 1412 1429 1450 in
1447 1411 1603 1464 Lysiam
1624 1423 1727 1448 com-

271 1470 460 1508 mentarii.
507 1471 525 1507 ὁ
544 1467 740 1514 Καικίλιος
759 1473 798 1509 ἐν
813 1478 890 1516 τοῖς
904 1473 995 1524 ὑπὲρ
1011 1473 1156 1512 Λυσίου
1173 1474 1469 1525 συγγράμμασιν
1487 1472 1727 1524 ἀπεὲάῤῥησε

273 1536 320 1583 τῷ
336 1534 453 1583 Ιπανϊὶ
466 1530 622 1570 Λυσίαν
642 1534 781 1583 ἀμείνω
803 1534 1010 1579 Πλάτωνος
1033 1537 1313 1590 ἀποφῄνασθαι,
1329 1535 1408 1574 δυσὶ
1427 1534 1567 1573 πάθεσι
1585 1534 1729 1588 χρησοί-

270 1611 382 1644 μενος
412 1595 586 1644 ἀκρίτοις.
615 1597 733 1645 φιλῶν
761 1598 834 1644 γὰρ
865 1597 930 1634 τὸν
960 1597 1127 1642 Λυσίαν,
1155 1602 1203 1640 ὡς
1235 1597 1308 1635 οὐδ’
1342 1596 1451 1640 αὐτὸς
1481 1596 1608 1641 αὑτὸν,
1628 1595 1725 1646 ὅμως

271 1659 419 1707 μᾶλλον
440 1662 539 1706 μισεῖ
554 1660 602 1707 τῷ
623 1659 737 1694 παντὶ
750 1657 957 1703 Πλάτωνα,
977 1660 998 1704 ἢ
1015 1659 1167 1697 Λυσίαν
1182 1662 1292 1712 φιλεῖ.
1351 1658 1427 1696 Hic
1447 1664 1506 1696 est
1527 1657 1725 1702 Caeeilius‚

272 1719 340 1768 qui
360 1718 571 1755 orationem
592 1718 796 1756 Deliacam
816 1720 988 1757 AEschini
1018 1720 1232 1769 abjudicat,
1257 1719 1507 1771 Antiphontis
1534 1720 1727 1758 orationes

271 1780 456 1830 genuinas
477 1780 718 1817 solummodo
734 1786 785 1818 35
806 1782 990 1827 admittit,
1008 1782 1189 1820 Isocratis
1209 1787 1275 1832 28,
1296 1783 1335 1820 in
1356 1783 1493 1820 horum
1517 1783 1725 1820 Oratorum

271 1841 439 1878 lectione
458 1847 497 1878 et
511 1840 610 1878 Crisi
627 1842 919 1880 versatissimus.
1252 1880 1255 1881 ⁷

326 1903 385 1939 De
407 1903 638 1940 Oratoribus
660 1903 799 1941 Atticis
820 1904 959 1941 librum
984 1904 1186 1942 adornavit
1208 1905 1495 1956 Lysimachides
1515 1904 1726 1944 Caeciliano

271 1963 368 2000 libro
391 1963 627 2013 oppositum,
657 1971 699 2002 ut
724 1970 878 2002 constat
903 1978 948 2003 ex
976 1966 1182 2003 Ammonio
1209 1967 1247 2004 in
1269 1979 1303 2004 v.
1326 1965 1476 2017 θεωρὸς,
1495 1966 1545 2005 de
1565 1979 1645 2017 quo
1664 1979 1727 2004 me

271 2026 384 2076 plura
405 2025 555 2063 nescire
571 2026 775 2065 confiteor.

327 2087 481 2125 Curiam
503 2088 674 2126 Atticam
690 2088 895 2126 illustravit
916 2089 1022 2127 Hero
1042 2090 1305 2137 Atheniensis,
1326 2091 1485 2128 incertae
1501 2089 1648 2128 aetatis:
1676 2089 1726 2127 de

272 2161 350 2199 quo
371 2149 525 2187 Suidas.
575 2150 712 2200 ‘'prv.
743 2151 897 2195 Κότυος,
913 2152 1113 2197 Ἀθηναῖος
1132 2153 1249 2203 ῥήτωρ
1273 2154 1340 2195 τὰς
1359 2152 1399 2189 ἐν
1418 2150 1605 2197 Ἀθήναις
1624 2151 1727 2194 δίκας

272 2212 691 2264 γεγραφὼς-ἐξήγησιν
721 2212 1065 2264 Δεινάρχου-περὶ
1084 2220 1157 2251 τῶν
1176 2215 1348 2265 ἀρχαίων
1364 2213 1551 2264 “Ρητόρων
1569 2214 1631 2249 καὶ
1655 2218 1727 2250 τῶν

273 2275 413 2322 λόγων,
434 2272 490 2316 οἷς
510 2274 683 2320 ἐνίκησαν
703 2274 796 2324 πρὸς
812 2276 1005 2320 ἀλλήλους
1021 2277 1302 2325 (ἱγιυιίζόμενοι.

316 2394 335 2412 *³
350 2395 421 2424 vid.
439 2395 569 2434 Dionys.
585 2395 617 2425 in
640 2394 745 2435 Lysia.

315 2440 329 2470 †
346 2438 414 2467 Hos
429 2439 586 2477 conjungit
600 2438 783 2475 Quintilian.
796 2437 859 2467 ΙΙΙ.
872 2440 903 2466 1.
915 2436 982 2477 φίλ-

1017 2401 1072 2429 λιος
1098 2399 1127 2424 et
1150 2394 1335 2434 Ἐξμαγόςας.
1361 2394 1452 2423 Voss.
1477 2392 1560 2422 Hist.
1578 2393 1675 2423 G'raec.
1696 2403 1728 2431 p.

1018 2440 1092 2468 178.
1108 2443 1137 2467 et
1152 2438 1190 2467 de
1207 2442 1271 2467 arte
1288 2436 1489 2466 Grammatica
1510 2436 1530 2464 l.
1547 2437 1577 2467 5.
1594 2436 1726 2466 Casaub.

274 2490 361 2509 τατον
374 2486 464 2510 vocat
480 2481 607 2520 Dionys.
625 2481 729 2510 Halic.
747 2481 776 2510 in
793 2481 934 2519 Epistola
945 2481 982 2510 ad

274 2523 401 2552 Cneium
418 2524 598 2561 Pompeium
612 2524 649 2553 de
665 2523 792 2562 praecip.
804 2524 982 2553 Historicis.

276 2566 432 2595 Laudatur
457 2576 474 2595 a
498 2566 688 2602 Quintiliano
712 2571 852 2605 tanquam
876 2571 983 2596 auctor

275 2609 438 2648 antiquior.
495 2609 572 2638 Cum
601 2610 694 2648 igitur
721 2609 831 2638 Suidas
862 2615 982 2639 aetatem

277 2652 394 2681 Caecilii
410 2653 446 2681 ab
461 2651 536 2681 Julii
553 2657 583 2681 et
598 2652 677 2691 Aug.
695 2653 849 2682 Caesarum
864 2656 984 2690 tempo-

276 2695 360 2724 ribus
381 2695 420 2724 ad
445 2694 635 2733 Hadrianum
659 2699 816 2733 proroget,
834 2695 983 2723 credibile

274 2742 331 2772 est,
347 2747 428 2773 eum,
444 2741 478 2766 ut
494 2737 584 2772 solet,
601 2737 679 2767 duos
697 2738 862 2776 scriptores
883 2737 983 2766 immi-

277 2781 410 2815 senisse,
425 2790 527 2815 unum,
540 2780 590 2819 qui
609 2781 664 2809 sub
674 2780 828 2818 Augusto,
842 2780 983 2815 alterum,

276 2823 329 2862 qui
356 2824 413 2861 sub
441 2823 598 2853 Hadriano
625 2823 735 2852 floruit.
782 2824 829 2852 De
857 2823 984 2852 Caecilio

274 2870 422 2904 praeterea
432 2867 503 2896 vide
518 2866 648 2895 Dionem
661 2865 812 2899 Cassium,
827 2865 984 2894 Plutarch.

277 2910 307 2938 in
324 2910 485 2938 Demostli.
498 2909 564 2939 init.
581 2913 611 2938 et
624 2908 653 2938 in
670 2909 744 2938 vitis
760 2908 793 2937 X
810 2908 984 2943 oratorum,

275 2952 384 2981 Athen.
401 2952 421 2981 1.
441 2954 471 2981 6.
489 2952 656 2990 Longinum
681 2951 805 2991 saepins',
830 2950 984 2985 Photium,

274 2994 348 3025 flod.
368 2997 418 3024 61.
436 2996 510 3031 ²259,
526 2998 598 3026 260.
615 2997 688 3025 ⁶262.
733 2994 818 3024 Suid.
843 2993 873 3024 in
890 2992 985 3023 Καικί-

1018 2482 1053 2510 ad
1071 2482 1184 2510 Athen.
1201 2481 1258 2509 VI.
1275 2483 1326 2509 91.

1061 2527 1075 2561 ss
1093 2525 1142 2553 Sc.
1160 2522 1226 2553 ἀνω-δ
1242 2524 1330 2556 καλῆς
1344 2521 1459 2556 Ἀκτῆς,
1480 2525 1513 2550 nt
1534 2531 1603 2550 eum
1623 2520 1726 2550 laudat

1018 2566 1196 2596 Athenaens.
1240 2565 1389 2595 Conditur
1413 2575 1449 2594 ea
1472 2565 1545 2593 urbs
1567 2564 1598 2593 in
1620 2563 1726 2593 Sicilia

1019 2609 1144 2648 Olymp.
1164 2608 1363 2638 LXXXIII.
1379 2610 1410 2638 3.
1437 2609 1511 2637 Mox
1527 2617 1603 2637 voce
1615 2607 1727 2645 depra-

1019 2658 1088 2682 vata
1104 2652 1269 2681 vocabatur
1290 2651 1465 2684 Κάλλαντις.
1487 2648 1628 2683 Καικίλιος
1650 2655 1727 2678 Σικε-

1019 2695 1134 2730 λιώτης,
1151 2691 1424 2726 Καλλαντίανος.
1458 2694 1618 2724 Κάλλαντις
1633 2690 1660 2721 δὲ
1675 2690 1727 2721 πό-

1019 2743 1062 2770 λις
1085 2735 1222 2770 Σικελίας.
1246 2736 1331 2765 Suid.
1350 2737 1377 2766 A
1393 2735 1531 2765 Diodoro
1547 2735 1585 2765 ad
1602 2735 1727 2773 Olymp-

1020 2780 1192 2809 LXXXV.
1212 2783 1240 2809 1.
1257 2778 1340 2813 πόλις
1355 2785 1376 2808 Κ
1388 2777 1600 2808 αλλατίνων.
1623 2782 1657 2807 ut
1672 2777 1728 2806 du-

1019 2824 1100 2852 bium
1113 2833 1149 2851 an
1163 2822 1307 2856 Σιλῆνος,ὃ
1324 2822 1550 2854 Kalaa-laroc
1565 2821 1603 2849 ab
1613 2819 1726 2850 Athen.

1019 2876 1050 2903 p.
1065 2867 1137 2895 968.
1154 2870 1336 2894 memoratus
1351 2865 1391 2894 sit
1404 2865 1526 2893 Siculus
1539 2863 1727 2897 Calactinus,

1019 2918 1054 2937 an
1086 2918 1124 2936 ex
1153 2909 1271 2937 Calatio
1297 2908 1373 2937 urbe
1401 2908 1508 2936 Italiae.
1560 2907 1594 2934 In
1628 2904 1728 2935 numis

1019 2949 1248 2980 Καλακτίνων
1276 2950 1414 2981 visuntur
1440 2949 1581 2991 symbola
1604 2947 1727 2978 Atheni-

1020 3004 1148 3024 (τηε-σοῖο.
