1839 3229
233 174 314 216 140
792 174 825 215 Ι.
857 173 1118 217 TAYLORI

275 265 501 300 Adulterium
518 264 724 307 gravissime
743 276 882 310 semper
896 268 1040 311 excepit
1058 267 1246 311 Majorum
1269 270 1472 304 nostrorum
1490 268 1676 304 severitas.

228 321 322 353 Nam
340 319 502 353 illicitam
526 318 626 354 illam
644 324 681 355 et
697 321 924 365 volgivagam
943 321 1138 365 Venerem,
1158 323 1373 358 familiarum
1388 325 1556 370 jurisque
1579 324 1680 358 here·

227 375 343 408 ditarii
360 373 568 415 ludibrium,
586 385 628 408 ea
646 375 815 419 supplicii
832 375 1029 410 acerbitate
1047 377 1229 422 compesci
1244 378 1359 412 voluit
1374 378 1681 423 prudentissimus

226 428 506 463 Atheniensium
525 429 716 473 legislator,
735 432 777 462 ut
793 429 829 463 in
844 429 1000 464 dolentis
1014 430 1140 465 Mariti
1158 431 1302 465 arbitrio
1319 433 1467 467 modum
1477 444 1597 478 poenae
1608 435 1679 466 sta·

228 487 356 525 tueret,
374 483 525 528 ejusque
543 485 612 517 iras
631 483 853 527 justissimas
871 488 1024 519 armaret
1041 486 1148 520 etiam
1167 487 1380 523 auctoritate
1396 489 1554 532 publica.
1603 487 1681 522 Ne—

227 550 298 583 que
316 539 348 572 ei
365 538 590 572 solummodo
607 539 766 582 gladium
785 539 976 583 concessit,
995 541 1057 574 sed
1068 541 1113 574 ab
1131 544 1228 575 omni
1247 542 1355 576 etiam
1371 543 1565 578 vexatione
1581 542 1679 585 Furi,

227 597 402 639 quantum
420 604 469 627 sc.
487 594 645 627 humana
661 594 839 638 sapientia
860 596 1054 639 praecaveri
1079 598 1231 639 poterat,
1257 599 1294 631 et
1318 597 1363 631 ab
1379 597 1678 632 Adversariorum

225 648 362 683 ultione
386 649 582 682 immunem
606 649 790 692 praestitit.
839 649 1151 685 Humanissimam
1176 662 1256 685 eam
1274 652 1453 686 cautelam
1472 663 1520 686 ex
1535 652 1679 686 duobus

223 703 397 737 institutis
424 702 511 736 mihi
538 703 660 737 videor
687 703 833 744 eruisse,
857 715 1010 748 quorum
1030 707 1226 751 utrumque
1252 707 1476 741 conservavit
1495 706 1624 751 Lysias
1641 707 1678 740 in

223 760 492 803 elegantissima
517 760 688 801 oratione,
705 770 812 803 quam
832 771 898 803 pro
914 760 1050 794 Marito
1068 762 1295 807 conseripsit,
1314 764 1375 807 qui
1402 763 1678 797 Eratosthenem

224 814 410 848 moechum
437 816 473 848 in
498 825 613 848 uxore
644 814 905 858 deprehensum
935 816 1050 860 patrio
1075 815 1157 859 jure
1187 827 1274 851 usus
1305 818 1403 853 domi
1432 830 1509 853 suae
1534 817 1679 853 occidit.

226 871 385 903 Primum
399 869 508 912 igitur
525 873 620 904 esto:

935 972 967 1006 1.

441 1056 508 1080 ΕΑΝ
531 1057 589 1082 ΤῙΣ
613 1057 755 1082 ΜΟΙΧΟΝ
779 1059 890 1083 ΛΑΒΗΙ
914 1059 937 1083 O
959 1059 996 1083 'rt
1023 1060 1068 1083 AN
1092 1060 1282 1084 ΒΟΥΛΗΤΑΙ
1303 1059 1466 1085 xpum-m..

929 1143 983 1177 ΙΙ.

222 1228 374 1252 ΤΟΥΤΟΝ
395 1228 449 1252 ΜΗ
471 1228 766 1253 ΚΑΤΑῘῚΝΩΣΚΕῙΝ
784 1228 903 1253 ΦΟΝΟΥ
920 1229 964 1254 ΟΣ
990 1230 1037 1253 ΑΝ
1063 1229 1121 1253 ΕΓΗ
1145 1230 1313 1254 ΔΑΜΑΡΤῙ
1337 1231 1401 1254 ΤΗΙ
1424 1225 1575 1255 EATTOY
1598 1229 1679 1255 ΜΟΙ-

491 1279 563 1305 ΧΟΝ
587 1280 712 1304 ΛΑΒΩΝ
735 1280 886 1305 ΤΑΥΤΗΝ
910 1280 983 1305 ΤΗΝ
1006 1281 1186 1305 ΤΙΜΩΡῙΑΝ
1210 1280 1422 1306 ΠΟΙΗΣΗΤΑΙ.

222 1371 331 1413 Quod
353 1371 399 1405 ad
425 1372 576 1415 priorem
594 1373 891 1407 constitutionem
910 1374 1063 1415 adtinet,
1081 1383 1163 1407 eam
1187 1373 1320 1408 diserte
1334 1373 1469 1408 adserit
1493 1373 1627 1407 Noster
1643 1374 1679 1407 in

221 1427 362 1470 legibus
376 1428 564 1461 contineri.
617 1429 832 1468 Κελεύουσιν,
851 1428 971 1473 inquit
988 1429 1061 1471 ille,
1077 1430 1108 1462 οἱ
1125 1430 1231 1474 νόμοι,
1252 1430 1312 1463 ἐάν
1329 1442 1380 1468 τις
1391 1431 1513 1473 μοιχὸν
1525 1429 1629 1473 λάβῃ,
1650 1429 1680 1472 ὅ,

220 1497 252 1516 τι
268 1485 311 1517 ἂν
326 1484 493 1527 βούληται
509 1486 668 1528 χρῆσθαι.
688 1495 722 1527 p.
741 1486 800 1518 48.
819 1487 852 1518 7.
867 1484 924 1518 ed.
939 1484 1066 1518 Reisk.
1116 1484 1208 1518 Inde
1226 1485 1287 1518 ubi
1302 1484 1564 1518 Eratosthenes
1579 1483 1680 1517 adul·

222 1542 277 1572 ter
303 1549 322 1571 a
352 1539 487 1572 Marito
525 1540 770 1583 deprehensus
796 1540 971 1582 ἠντιβόλει
1001 1542 1055 1572 καὶ
1084 1540 1203 1573 ἱκέτευε
1231 1542 1277 1584 μὴ
1305 1541 1411 1572 αὑτὸν
1435 1542 1575 1580 κτεῖναι,
1601 1538 1680 1571 ἀλλ’

223 1594 385 1637 ἀργύριον
413 1590 615 1638 πράξασθαι,
646 1595 842 1638 respondet
868 1595 940 1635 ille,
961 1596 1012 1628 ὅτι
1029 1598 1087 1629 οὐκ
1104 1597 1168 1637 ἐγώ
1193 1609 1228 1629 σε
1243 1597 1432 1635 ἀποκτενῶ,
1458 1595 1534 1628 ἀλλ’
1563 1596 1580 1628 ὁ
1605 1598 1679 1635 τῆς

222 1661 248 1681 π
260 1650 387 1689 όλεως
411 1663 431 1682 ν
443 1651 459 1682 ό
470 1663 493 1693 μ
505 1663 556 1689 ος.
587 1661 621 1693 p.
639 1652 697 1683 28.
715 1651 749 1682 9.
792 1649 914 1690 Pergit
928 1648 1058 1681 deinde
1070 1649 1222 1682 notabili
1234 1648 1499 1692 euphemismo,
1514 1649 1638 1689 Οὕτως,
1653 1646 1678 1682 ὧ

219 1704 351 1747 ἄνδρες,
365 1705 487 1744 ἐκεῖνος
502 1705 660 1737 τούτων
678 1704 840 1746 ἔτυχεν,
858 1700 967 1745 ὦνπερ
983 1705 1037 1736 καὶ
1057 1704 1188 1746 Νόμοι
1203 1703 1373 1736 κελεύουσι
1390 1705 1467 1743 τοὺς
1483 1705 1526 1736 τὰ
1539 1706 1677 1737 τοιαῦτα

219 1759 454 1802 πράττοντας;
483 1758 533 1792 Et
549 1758 645 1799 alibi,
663 1759 747 1791 Οὔτε
763 1758 947 1802 χρημάτων
963 1757 1057 1790 ἕνεκα
1075 1758 1206 1801 ἔπραξ
1217 1771 1237 1791 α
1255 1761 1375 1795 ταῦτα,
1387 1757 1448 1791 ἰ’να
1465 1758 1627 1797 πλούσιος
1643 1759 1677 1790 ἐκ

219 1814 364 1855 πένητος
388 1815 546 1858 γένωμαι,
563 1815 636 1847 οὔτε
655 1815 762 1846 ἄλλου
788 1813 919 1856 κέρδους
944 1813 1091 1851 οὐδενὸς,
1118 1814 1215 1854 πλὴν
1232 1816 1295 1853 τῆς
1320 1815 1423 1846 κατὰ
1449 1814 1606 1856 νόμους
1630 1825 1677 1845 τι·

215 1871 353 1912 μωρίας.
380 1880 412 1912 p.
430 1871 463 1902 7.
478 1872 511 1902 3.
561 1868 703 1902 Eodem
716 1867 865 1901 artificio
884 1870 1027 1910 propter
1040 1867 1139 1901 verbi
1155 1867 1330 1900 invidiam
1347 1877 1434 1900 usus
1448 1871 1501 1899 est
1515 1866 1594 1900 Cic.
1613 1877 1676 1910 pro

218 1923 368 1957 Milone.
417 1926 440 1942 “
453 1922 628 1956 Fecerunt
645 1923 678 1956 id
705 1922 817 1963 Servi,
834 1922 951 1955 dicam
969 1921 1066 1956 enim
1086 1932 1157 1954 non
1174 1921 1363 1954 derivandi
1377 1919 1537 1954 criminis
1554 1930 1676 1962 causa,

216 1977 280 2011 sed
298 1981 338 2011 ut
354 1978 491 2010 factum
507 1980 574 2020 est,
591 1988 708 2022 neque
724 1977 937 2021 imperante,
965 1987 1082 2020 neque
1108 1976 1258 2016 sciente,
1274 1986 1393 2019 neque
1415 1979 1594 2020 praesente
1612 1975 1677 2008 do-

216 2032 328 2075 mino,
347 2032 444 2076 quod
462 2043 546 2065 suos
563 2032 716 2076 quisque
735 2042 855 2064 servos
879 2029 918 2063 in
944 2031 1007 2064 tali
1033 2041 1071 2063 re
1089 2030 1206 2064 facere
1232 2029 1383 2064 voluit.'·
1433 2029 1542 2070 Quod
1561 2029 1607 2063 ad
1624 2040 1677 2062 se-

218 2086 373 2120 cundam
393 2087 543 2127 adtinet,
559 2087 596 2120 id
613 2087 740 2121 eadem
754 2086 824 2120 fide
841 2085 1104 2129 verborumque
1122 2085 1337 2118 solennitate
1353 2084 1542 2117 evincitur.
1569 2084 1676 2118 Ἀνά-

217 2143 321 2185 γνωθι
348 2142 378 2174 δέ
406 2155 462 2185 μοι
486 2144 551 2175 καὶ
581 2144 703 2175 τοῦτον
729 2144 790 2175 τὸν
822 2142 952 2183 νόμον
976 2141 1011 2172 ἐκ
1027 2143 1090 2179 τῆς
1113 2141 1241 2180 στήλης
1266 2142 1328 2179 τῆς
1356 2141 1390 2176 ἐξ
1405 2139 1532 2183 Ἀρείου
1549 2139 1675 2183 πάγου.

219 2200 387 2230 ΝΟΜΟΣ.
430 2198 596 2238 Ἀκούετε,
612 2194 637 2229 ὦ
655 2197 783 2241 ἅνδρες,
802 2196 851 2229 ὅτι
866 2197 959 2239 αὐτῷ
975 2198 1022 2238 τῷ
1037 2195 1234 2238 δικαστηρίῳ
1251 2197 1300 2237 τῷ
1317 2195 1350 2230 ἐξ
1362 2194 1491 2238 Ἀρείου
1509 2194 1634 2238 πάγου,
1650 2193 1680 2237 ᾦ

218 2253 273 2284 καὶ
290 2252 436 2296 πάτριόν
453 2253 522 2285 ἐστι
539 2254 593 2284 καὶ
621 2252 667 2295 ἐφ’
697 2252 779 2294 ὑμῖν
807 2250 1010 2283 ἀποδέδοται
1029 2253 1087 2283 τοῦ
1109 2250 1211 2293 φόνου
1230 2251 1290 2288 τὰς
1305 2249 1395 2288 δίκας
1413 2248 1566 2289 δικάζειν,
1586 2249 1678 2293 ὃιαῤ-

218 2305 327 2348 ρἡην
346 2307 472 2351 εἴρηται
489 2310 611 2342 τοῦτον
638 2309 684 2351 μὴ
716 2307 977 2350 καταγινώσκειν
1004 2306 1118 2349 φόνου,
1143 2307 1181 2344 ὃς
1208 2306 1252 2337 ἂν
1269 2305 1323 2336 ἐπὶ
1341 2304 1482 2347 δάμαρτι
1497 2307 1541 2346 τῇ
1558 2305 1676 2337 ἑαυτοῦ

216 2363 338 2404 μοιχὸν
352 2363 473 2404 λαβὼν
490 2363 620 2403 ταύτην
634 2364 699 2403 τὴν
713 2362 871 2406 τιμωρίαν
889 2361 1081 2401 ποιήσηται.
1109 2370 1142 2403 p.
1157 2361 1216 2392 34.
1236 2361 1270 2392 8.
1296 2357 1466 2392 Auctoris
1487 2357 1597 2390 verba
1611 2368 1675 2390 ex-

216 2414 356 2459 scripsi,
384 2420 425 2449 ut
443 2416 619 2460 dijudicet
638 2417 759 2457 lector,
786 2419 868 2449 uter
895 2417 1055 2448 nostrum
1083 2412 1409 2457 Jurisprudentiam
1435 2411 1597 2445 Atticam
1623 2423 1678 2445 re-

215 2471 310 2504 ctius
327 2471 526 2514 attigimus,
546 2482 625 2515 ego,
643 2473 706 2516 qui
726 2472 828 2505 binas
845 2470 1124 2504 constitutiones
1137 2469 1182 2503 de
1199 2480 1241 2502 eo
1260 2468 1417 2502 facinore
1435 2468 1612 2509 revocavi,
1631 2479 1676 2501 an

215 2526 367 2567 petitus,
380 2527 443 2570 qui
461 2527 690 2570 posteriorem
709 2527 886 2570 neglexit.
936 2525 1067 2558 Prioris
1080 2524 1227 2569 quidem
1238 2519 1328 2565 vlegis
1343 2523 1547 2556 naturalem
1559 2533 1676 2567 quan-

215 2581 297 2614 dam
325 2581 535 2625 aequitatem
559 2582 720 2625 pluribus
738 2582 925 2614 confirmat
943 2580 1071 2623 Lysias
1088 2590 1123 2622 p.
1139 2581 1196 2612 38.
1216 2577 1277 2610 ubi
1304 2576 1503 2617 contendit,
1531 2588 1596 2616 ευε,
1614 2577 1675 2621 qui

214 2635 344 2680 alienas
361 2635 585 2680 Illacresfam.
600 2635 635 2668 in
651 2635 862 2669 adulterium
877 2635 1055 2680 pelliciunt
1083 2635 1181 2678 (nam
1199 2632 1234 2664 in
1262 2642 1324 2664 eos
1352 2632 1431 2665 Lex
1450 2630 1598 2665 maritos
1613 2642 1670 2664 ar-

216 2693 339 2734 mavit,
358 2701 428 2724 non
446 2691 475 2723 si
491 2691 570 2734 quis
586 2690 716 2723 invitas
730 2691 762 2723 vi
781 2690 1050 2733 compresserit)
1063 2689 1112 2722 ita
1129 2698 1247 2720 earum
1264 2685 1398 2720 animos
1414 2685 1674 2725 contaminasse,

134 2754 197 2781 710
215 2752 253 2780 ut
268 2756 419 2780 amorem
435 2751 469 2778 et
483 2744 766 2787 necessitudinem
780 2754 924 2784 omnem,
943 2754 1016 2788 qnoe
1032 2742 1169 2775 maritis·
1184 2739 1338 2781 debetur,
1353 2740 1391 2773 in
1417 2751 1451 2773 se
1468 2740 1561 2784 ipsos
1583 2740 1676 2774 deri-

212 2807 290 2834 vem
300 2813 312 2837 ;
337 2799 535 2834 domesticas
552 2798 662 2832 omnis
690 2799 839 2832 rationes
855 2798 892 2831 in
907 2796 1026 2831 vnoechi
1049 2795 1195 2830 arbitrio
1206 2794 1310 2838 poni:
1335 2793 1523 2839 liberosque
1540 2794 1675 2829 demum

212 2855 344 2889 incerta
360 2855 554 2889 condicione
578 2853 686 2894 nasci,
716 2852 898 2897 omniaque
920 2851 1125 2885 hereditatis
1142 2849 1232 2895 jura
1247 2849 1386 2882 misceri
1395 2849 1537 2894 penitus
1551 2849 1606 2883 vel
1617 2861 1674 2883 ex-

210 2911 351 2954 stinyui.
402 2911 481 2945 Pro
497 2909 616 2955 quibus
631 2909 768 2953 (inquit
784 2908 859 2952 ille)
871 2905 1067 2950 Leyislator
1085 2906 1131 2938 Θά
1143 2918 1217 2937 να,-
1229 2918 1273 2936 ov
1299 2906 1432 2944 ἐποίησε
1451 2906 1517 2945 τὴν
1534 2905 1669 2948 ζημίαν.

214 2966 263 2999 Ut
277 2966 373 3000 alibi.
426 2970 592 3004 Γυναῖκας
609 2967 726 2998 τοίνυν
743 2968 810 2997 τῶν
828 2965 978 2995 πολιτῶν
997 2964 1144 2999 τοιοῦτος
1161 2961 1207 2991 ὢν
1225 2960 1392 3008 μοιχεύειν
1403 2960 1457 2992 καὶ
1476 2959 1672 3002 διαφθείρειν
