1819 3219
544 165 879 209 LECTIONES
915 165 1208 209 LYSIACAE.
1525 167 1604 209 157

149 278 250 314 Maia
271 277 341 311 fide
360 277 554 320 Interpres,
570 275 760 321 unguentis
777 274 894 317 illitos,
913 285 994 308 cum
1019 275 1205 308 adnotavit
1222 287 1279 318 σχ.
1306 277 1418 315 Οὕτως
1433 277 1606 318 Ἀττικῶς,

147 334 225 367 ἀντὶ
258 336 316 366 τοῦ
347 333 385 365 ἐν
411 332 640 376 μυροπωλείῳ,
672 332 741 364 ἀπὸ
774 335 843 364 τῶν
879 331 1105 375 πωλουμένων
1144 332 1221 369 τοὺς
1254 330 1382 370 τόπους
1414 333 1608 371 καλοῦντες.

146 388 328 431 Theophr.
365 390 438 431 περὶ
472 387 661 431 βδελυρίας.
712 389 778 421 Καὶ
807 388 1006 428 πληθούσης
1035 389 1098 427 τῆς
1124 387 1251 430 ἀγορᾶς
1278 387 1474 430 προσελθὼν
1505 390 1610 430 πρὸς

128 445 196 483 ,τὰ
218 443 358 487 κάρυα,
387 445 407 483 ἢ
434 444 480 475 τὰ
505 442 711 486 ἀκρόδρυα
736 456 765 476 κ.
785 455 816 475 τ.
835 444 868 474 λ.
920 442 1061 475 Eodem
1081 441 1187 474 modo
1202 440 1368 484 Euripid.
1387 441 1493 474 Med.
1511 444 1570 475 67.

420 522 572 554 ’Ἡκουσι-ἰ
588 534 647 554 του
663 522 835 565 λέγοντος,
850 523 888 554 οὐ
907 521 1012 554 δοκῶν
1029 521 1143 554 κλύειν

428 581 457 610 Π
468 589 481 609 ε
490 588 561 609 σσο
570 579 587 609 ὺ
598 590 615 617 ς
633 578 828 621 προσελθών
838 595 884 600 --

149 676 205 707 σχ.
231 663 275 696 ad
293 663 361 697 loc.
411 665 506 697 Ἐπεὶ
522 664 593 697 ἀπὸ
621 668 690 697 τῶν
710 665 746 696 ἐν
769 667 839 703 τοῖς
862 666 979 703 τόποις
1004 662 1181 706 ὠνόμαζον
1200 664 1279 700 τοὺς
1304 661 1444 699 τόπους·
1471 661 1615 698 πεσσοὺς

150 720 214 762 γὰρ
231 721 305 759 νῦν,
323 721 399 758 τοὺς
416 720 542 758 τόπους
559 722 627 753 τῶν
650 720 833 761 κυβευτῶν,
861 720 905 758 ὡς
931 719 1016 762 ὄψον
1032 719 1085 750 καὶ
1110 718 1211 761 μύρα,
1229 718 1313 750 ἔνθα
1336 717 1444 748 ταῦτα
1462 714 1616 754 συνήθως

149 774 253 807 ἐστίν.
304 773 527 807 consulendi
545 777 629 807 sunt
647 774 797 808 Kuster.
818 773 861 807 ad
881 774 983 808 Suid.
1002 773 1038 806 in
1060 770 1206 816 Τοῦψον.
1256 771 1452 806 Fornerius
1481 769 1617 802 Rerum

150 828 300 868 Quotid.
328 829 382 862 ΙΙ.
409 832 466 863 23.
510 829 666 863 casaub.
696 830 741 863 ad
781 829 1020 873 Theophrast.
1056 828 1224 861 Charaet.
1269 829 1345 871 περὶ
1376 826 1616 865 ἀναισθησίας.

149 883 267 917 Graev.
291 883 396 917 Lect.
430 884 582 919 Hesiod.
610 896 690 928 cap.
716 884 834 918 XIX.
864 884 915 917 H.
935 883 1058 926 Steph.
1087 882 1261 926 Append.
1291 882 1335 915 de
1366 881 1474 924 Ling.
1501 879 1615 913 Attio.

149 948 181 971 c.
202 940 257 972 16.
276 949 313 982 p.
331 941 412 973 211.
461 940 601 973 Meurs.
631 940 742 973 Attio.
766 940 872 974 Lect.
890 938 961 972 VI.
980 940 1037 971 32.
1056 937 1130 971 ΙΙΙ.
1158 938 1223 972 ult.
1249 939 1286 971 et
1308 936 1487 970 Ceramia.
1505 945 1537 968 e.
1559 936 1616 968 16.

150 993 279 1036 Pergo.
308 994 352 1027 In
373 995 473 1028 Orat.
493 1005 526 1039 c.
547 995 703 1028 Aleibid.
724 1007 756 1038 p.
777 997 860 1028 531.
886 995 923 1027 et
944 992 982 1026 in
1011 994 1134 1033 altera,
1160 1003 1242 1036 quae
1272 992 1476 1025 inscribitur
1503 991 1619 1035 Δήμου

150 1050 376 1089 καταλύσεως,
403 1061 436 1093 p.
471 1053 553 1084 769.
589 1053 668 1083 not.
696 1048 835 1092 notavi,
864 1059 937 1093 qua
971 1048 1142 1081 facilitate
1176 1047 1332 1081 Librarii
1366 1046 1621 1091 descripserint

151 1105 368 1148 πραττόμενα
385 1108 422 1137 et
444 1105 685 1149 πραττομένων
702 1116 767 1148 pro
790 1106 1070 1149 προσταττόμενα
1094 1107 1130 1137 et
1151 1105 1445 1149 προσταττομὲων.
1495 1102 1618 1146 Adde,

152 1170 234 1204 quae
253 1160 459 1194 acutissime
476 1161 680 1193 observavit
696 1160 740 1193 de
758 1171 802 1193 ea
819 1171 855 1192 re
874 1160 929 1193 Cl.
947 1160 1190 1193 Marklandus
1208 1161 1254 1194 ad
1273 1161 1374 1194 Orat.
1396 1160 1511 1194 XIV.
1561 1160 1622 1193 Ita

150 1215 262 1257 vulgo
279 1215 409 1258 legitur
425 1215 519 1257 apud
540 1215 630 1248 Phit.
650 1215 694 1247 de
713 1215 787 1248 vita
805 1214 922 1247 Mosis
940 1215 962 1248 Ι.
980 1217 1013 1248 2.
1055 1216 1192 1249 Τούτων
1209 1218 1327 1249 τοίνυν
1340 1215 1379 1258 (i.
1397 1225 1429 1247 e.
1449 1214 1621 1248 librorum

152 1269 285 1312 Blosis)
302 1272 339 1303 τὸ
365 1270 427 1313 μέν
443 1272 534 1302 ἐστιν
550 1270 716 1313 ἱστορικὸν
732 1270 841 1313 μέρος,
867 1272 906 1302 τὸ
923 1268 955 1301 δὲ
982 1272 1057 1313 περὶ
1083 1272 1146 1308 τὰς
1163 1271 1336 1313 πράξεις
1356 1271 1410 1302 καὶ
1429 1270 1622 1314 ἀπαγορεύ-

150 1336 226 1363 σεις.
278 1323 349 1356 Ubi
364 1323 449 1366 legit
468 1322 524 1357 Cl.
545 1323 685 1364 Editor,
703 1333 811 1367 quem
832 1322 975 1356 honoris
988 1333 1099 1356 causa
1117 1323 1276 1365 nomino,
1296 1324 1548 1368 προστάξεις
1567 1327 1621 1358 καὶ

150 1378 407 1423 ἁπαγορεύσεις,
424 1379 531 1421 plane
546 1378 599 1411 uti
617 1378 654 1411 in
676 1378 776 1411 initio
798 1378 963 1421 ejusdem
981 1378 1073 1411 libri.
1109 1380 1297 1423 Πρόσταξις
1313 1379 1345 1411 δὲ
1363 1382 1431 1412 τῶν
1445 1379 1623 1423 πρακτέων

150 1435 205 1467 καὶ
228 1434 456 1478 ἀπαγόρευσις
485 1437 553 1466 τῶν
579 1434 618 1466 οὐ
642 1434 829 1478 πρακτέων,
851 1433 935 1467 ἰ’διον
958 1434 1075 1478 νόμου.
1126 1433 1448 1474 Quemadmodum
1474 1445 1621 1479 quoque

153 1490 268 1533 legem
287 1490 411 1522 definit
430 1489 653 1533 Chrysippus
671 1491 768 1533 apud
787 1489 967 1524 Marcian.
987 1490 1009 1523 l.
1024 1492 1056 1524 2.
1076 1490 1125 1524 D.
1145 1490 1190 1523 de
1209 1489 1316 1534 legib.
1336 1494 1622 1535 προστατικόν

153 1548 226 1590 μὲν,
251 1543 298 1579 ὧν
321 1546 493 1586 ποιητέον,
511 1546 780 1589 ἀπαγορευτικὸν
807 1547 851 1586 δὲ,
877 1543 924 1579 ὧν
953 1548 991 1579 οὐ
1023 1546 1194 1587 ποιητέον.
1245 1545 1320 1579 Ubi
1348 1547 1623 1580 accuratissima

153 1600 317 1633 Taurelti
335 1600 458 1633 Editio
475 1600 742 1633 pandectarum
762 1600 947 1642 habet,uti
962 1600 1101 1642 debuit,
1117 1603 1443 1645 προστακτικόν.
1479 1601 1621 1635 Verum

156 1654 244 1688 nihil
270 1653 413 1694 mirum,
439 1654 468 1686 si
489 1654 629 1696 Graeca,
647 1665 730 1698 quae
750 1654 924 1698 leguntur
941 1656 977 1688 in
1000 1654 1143 1688 Latinis
1161 1656 1411 1699 scriptoribus,
1433 1667 1453 1688 a
1480 1656 1624 1689 Latinis

159 1708 334 1743 Librariis
346 1707 537 1751 descripta,
549 1709 756 1742 foedissimis
774 1710 914 1743 mendis
932 1712 1107 1743 scateant.
1140 1709 1328 1750 Quantum
1347 1710 1452 1744 hodie
1469 1711 1626 1754 supersit

158 1764 192 1797 in
211 1763 396 1797 Prisciano
414 1767 591 1807 quantum
616 1764 653 1797 in
671 1763 852 1807 Digestis!
892 1764 1242 1798 Luculentissimum
1261 1765 1473 1809 exemplum
1491 1765 1624 1799 addam

158 1829 206 1851 ex
230 1820 391 1860 auctore,
420 1829 526 1862 quem
556 1819 708 1853 maximi
734 1830 881 1863 semper
904 1819 986 1860 feci,
1013 1820 1089 1864 qui,
1121 1823 1163 1853 ut
1192 1831 1275 1853 cum
1309 1821 1460 1854 Mureto
1487 1821 1624 1865 loquar,

159 1874 184 1891 “
197 1874 425 1918 asperitatem
445 1873 775 1908 Grammaticarum
791 1875 1080 1919 praeceptienum
1094 1874 1268 1908 inusitata
1282 1875 1439 1919 quadam
1454 1886 1623 1909 numero-

157 1938 238 1962 rum
254 1928 432 1962 suavitate
450 1927 645 1963 condivit.'’
694 1930 732 1963 Is
750 1933 805 1964 est
813 1930 1056 1965 Terentianus
1073 1930 1239 1973 Maurus,
1251 1931 1312 1976 qui
1329 1931 1374 1965 de
1390 1931 1624 1976 diphthongis

158 1983 337 2018 disserens
355 1983 434 2017 haee
451 1983 573 2025 habet,
591 1986 672 2018 421.

346 2066 371 2082 “
393 2064 492 2105 Quin
511 2067 546 2098 et
565 2064 602 2098 Y
620 2066 701 2099 loco
717 2065 834 2109 priore
851 2067 933 2099 ἰῶτα
951 2065 979 2099 si
997 2065 1239 2110 subjunxeris,

393 2119 496 2152 Effici
516 2120 776 2164 Diphthongon
793 2131 904 2153 unani
923 2131 1040 2164 posse,
1059 2132 1126 2154 nee
1144 2122 1255 2165 pluris
1271 2132 1362 2162 reor,

391 2172 464 2214 Υἷες
478 2178 519 2209 ut
535 2175 674 2218 dicuni,
695 2181 910 2210 ΑΕΙΛΟΓΙΑ
928 2180 1010 2220 μυῖα
1029 2180 1064 2210 et
1080 2177 1203 2210 talia.'’

161 2255 377 2290 Memineris
393 2258 432 2288 tu
451 2257 566 2298 primo
583 2267 646 2300 pro
671 2257 707 2290 Y
734 2257 948 2291 Latinorum
966 2256 1239 2290 rescribendum
1257 2267 1335 2290 esse
1358 2262 1381 2290 Υ
1401 2257 1624 2297 Graecorum,

162 2315 198 2345 et
215 2313 295 2346 ἰῶτα
312 2311 414 2355 quasi
433 2310 536 2344 Giota
554 2311 684 2353 sonari,
698 2311 801 2345 aliter
813 2322 933 2344 versus
952 2315 1115 2345 constare
1132 2312 1272 2356 nequit,
1286 2311 1341 2345 uti
1358 2322 1425 2345 nee
1442 2310 1574 2356 pariter
1589 2311 1627 2344 in

163 2366 204 2399 iis
220 2365 440 2405 '1'rochaicis‚
459 2376 542 2409 quae
557 2369 641 2399 sunt
658 2366 693 2399 in
711 2365 855 2406 vicinia,
872 2369 953 2400 403.

362 2446 496 2479 “Ἰῶτα
515 2447 656 2478 tautum
674 2447 711 2478 et
727 2444 766 2478 Y
783 2444 950 2477 videmus
967 2443 1130 2477 subditas
1147 2443 1368 2478 vocalibus.‘'

157 2524 225 2558 ubi
242 2525 372 2558 iterum
390 2524 543 2558 rescribe
561 2530 583 2557 Υ
602 2526 638 2556 et
655 2522 733 2557 Iota
749 2522 980 2566 pronuncies,
999 2526 1035 2557 et
1052 2524 1135 2557 451.

363 2607 384 2620 ‘⁶
399 2603 601 2638 Scribimus
618 2602 796 2646 siquando
813 2606 918 2644 νῖκος,
935 2604 1017 2637 ἰῶτα
1035 2604 1149 2637 solum
1168 2602 1334 2638 sufficit.''

169 2684 261 2717 Haec
281 2688 401 2716 tamen
419 2683 544 2716 obiter.
583 2681 682 2722 Quid
702 2681 758 2714 Tu
776 2684 896 2714 tamen
910 2682 1022 2716 sentis
1040 2683 1084 2716 de
1101 2683 1170 2716 ista
1187 2693 1276 2716 voce
1295 2683 1467 2726 ὰειλογίαῒ
1495 2681 1626 2714 Annon

167 2741 220 2770 est
237 2737 421 2782 quoddam
441 2737 673 2780 praeclarum?
706 2736 743 2769 Si
762 2735 977 2779 adducatur,
997 2740 1040 2770 ut
1061 2737 1374 2781 diphthongumve
1396 2736 1628 2780 repraesentet

167 2790 255 2834 (quo
268 2794 373 2834 pacto
385 2790 442 2824 hic
453 2791 585 2824 adduci
598 2791 701 2824 video
718 2788 790 2830 Υἷες
803 2793 838 2823 et
850 2791 962 2834 μυῖα),
976 2791 1104 2824 frustra
1116 2794 1189 2824 est:
1209 2792 1379 2836 quoniam
1393 2792 1628 2834 repraesentat

170 2845 255 2878 nihil
275 2846 404 2879 minus.
454 2846 490 2879 Si
510 2856 579 2878 nou
597 2845 755 2889 exempli
772 2846 863 2883 loco,
881 2846 942 2879 sed
958 2845 1071 2880 veluti
1088 2846 1272 2890 epitheton
1290 2856 1440 2882 muscae,
1460 2848 1498 2878 ut
1514 2845 1628 2878 voluit

173 2898 364 2932 Enarrator
387 2900 429 2932 ad
452 2900 584 2940 locum,
603 2901 691 2943 quid
714 2903 769 2932 est
789 2900 834 2932 ab
858 2901 954 2933 omni
972 2901 1171 2934 Graecismo
1190 2900 1360 2934 alienius?
1398 2900 1626 2944 Quocunque

172 2954 318 2986 denium
337 2955 443 2987 modo
461 2955 646 2996 aliegetur,
663 2956 777 2997 legem
797 2955 898 2988 metri
915 2956 1034 2988 violat.
1065 2955 1159 2991 Nam
1179 2958 1417 2998 praetcrquam
1434 2955 1530 2999 quod
1549 2955 1626 2999 ejus
