1839 3229
230 182 341 239 294

553 186 800 231 ΛὙΣΙΟΥ
840 181 1372 231 ΑΡΕΟΠΑΓΙΤΙΚΟΣ

168 346 172 349 -
226 306 324 359 ziza-3
350 306 707 382 Λακεδαιμονίων
734 310 957 381 ἓτεμνετο,
994 310 1057 361 τοὶ
1083 307 1125 361 δ’
1152 309 1292 377 ἐγγυς
1314 308 1408 363 ὑπὸ
1433 308 1518 362 τῶν
1545 308 1683 373 φίλων

228 379 510 456 διηρπάζετο·
551 383 662 444 &gre
701 386 795 444 πῶς
836 384 892 436 οἶν
936 382 1116 443 δικαίως
1157 382 1274 459 ὑπὲρ
1303 385 1419 436 1τὶὖν
1454 385 1513 454 τῇ
1555 382 1680 436 πόλει

131 487 209 522 265
227 461 527 528 ’γεγενημένων
553 459 784 534 συμφορῶν
811 456 903 524 ἐγώ
938 456 1020 510 νυνὶ
1061 455 1181 520 δίκην
1222 455 1401 520 διδοιήν;
1442 456 1599 517 ἄλλως
1628 481 1679 510 τε

325 529 338 551 Χ
440 535 464 545 Ν
601 530 613 551 ἱ
751 531 765 551 Ι

227 530 246 558 2

258 555 339 584 και
383 556 518 586 τουτο
557 557 610 585 το
645 557 803 609 χωριον
839 531 878 585 ἓν
907 533 971 599 τῷ
1010 533 1195 602 πολεμῳ
1226 529 1437 603 δημευθὲν
1473 529 1679 608 ἄπρατον

225 605 272 667 ἧν
297 604 485 659 3’το-λεία)
509 607 538 669 ἢ
562 606 668 676 τρία
689 603 782 669 ἐ’τη.
820 606 866 659 ou’
892 605 1156 677 Θαυμαστόν
1182 604 1262 658 4ὃ’
1286 605 1324 659 εἷ
1343 604 1449 659 τότε
1488 605 1575 665 τοὶς
1597 630 1680 677 μο-
1698 629 1790 664 109.
1810 628 1830 662 1

226 678 325 748 ρίας
361 679 626 747 ἐξέκοπτον,
672 680 711 734 ἓν
752 680 787 732 εἷ
824 678 915 733 οὐδὲ
944 680 1008 733 τοὶ
1039 679 1231 756 ἡμέτεροι
1265 681 1411 734 αὐτῶν
1437 679 1682 745 φυλάττειν

870 754 883 775 X

131 781 211 818 266
224 752 502 826 ἦδυνοὶμεθα.
546 754 813 808 ἐπίστασθε
841 754 901 820 δε,
927 754 963 807 εἷ
994 756 1159 818 βουλὴ,
1183 754 1276 808 ὅσοι
1309 754 1557 827 ὒμοὶλιστα
1597 755 1684 807 τῶν

229 830 435 883 τοιούτων
468 828 782 901 ἐπιμελεῖσθε,
824 829 984 883 πολλοὶ
1025 828 1064 882 ἓν
1100 828 1244 898 ἐκείνῳ
1270 833 1335 898 τῷ
1372 831 1510 904 χρόνῳ
1537 826 1683 882 δασέα

227 902 338 955 ὄντα
363 901 496 964 ι’ὃίοιις
521 905 600 957 καὶ
626 905 801 975 μορίαις
836 903 1059 967 δέλοιιόιις,
1092 903 1146 957 ιῖν
1173 906 1239 957 νῦν
1272 903 1338 956 τοὶ
1362 905 1524 958 πολλοὶ
1556 901 1683 956 ‘inne‘-

230 1001 404 1031 κοπται
425 976 505 1031 καὶ
531 979 558 1042 ἦ
583 983 645 1048 ’γῆ
670 977 786 1047 ψιλὴ
818 979 1104 1048 7γεγένηται·
1147 979 1227 1032 καὶ
1255 979 1341 1032 τῶν
1359 978 1508 1032 αὗτῶν
1534 976 1615 1031 καὶ
1644 977 1685 1030 ἓν

315 1102 324 1122 ¹
339 1103 394 1132 τῶν
409 1100 476 1131 τότε
491 1101 528 1134 ‘rii
545 1102 582 1133 A.

398 1144 446 1174 «δ’
460 1136 521 1176 om'.
538 1147 576 1177 T.
593 1146 633 1177 R.
652 1148 689 1177 A.

777 1103 790 1121 ²
805 1103 852 1134 καὶ
867 1103 936 1134 ὅπου
948 1104 1034 1135 τοῦτο
1051 1104 1092 1135 Α.

775 1147 942 1187 5μάλιστα
959 1146 1016 1177 ὅσοι
1033 1148 1071 1178 A.

1295 1102 1308 1122 ³
1324 1103 1438 1134 πλείονα
1449 1104 1487 1133 Τ.
1506 1104 1544 1136 R.
1560 1103 1600 1134 A.

1159 1145 1172 1166 ⁶
1187 1145 1293 1183 ἐλαίαις
1306 1147 1354 1178 καὶ
1368 1145 1477 1188 μορίαις
1489 1146 1527 1176 Τ.

732 1190 745 1211 7
759 1189 906 1228 γεγένηται
920 1192 976 1221 τῶν
987 1190 1064 1221 αὐτὰ
1080 1189 1128 1220 καὶ
1144 1191 1182 1221 Α.

269 1269 315 1312 Τῇ
328 1270 426 1313 πόλει]
448 1271 534 1302 Fieri
558 1276 673 1311 potest,
690 1277 725 1303 ut
748 1272 859 1312 aliquis
883 1283 938 1313 pu-

182 1338 187 1340 .
224 1313 374 1344 blicarum
398 1315 604 1346 calamitatum
628 1320 714 1346 reatu
730 1320 881 1352 teneatur,
907 1320 940 1345 ut

227 1356 297 1397 ῧπές
312 1360 368 1387 τῶν
392 1358 438 1399 τῇ
458 1358 565 1388 πόλει
588 1358 775 1398 γεγενημένων
789 1361 941 1399 συμφοςῶν

229 1398 340 1434 δικαίως
353 1400 425 1432 δίκην
436 1401 526 1432 διδοίη.
559 1403 668 1441 Neque
684 1402 716 1431 id
733 1403 810 1432 adeo
826 1403 865 1432 de
885 1403 939 1437 Te,

229 1446 340 1482 tuaque
356 1453 448 1473 causa
462 1445 545 1480 dien,
558 1446 613 1474 sed
625 1449 656 1474 ut
669 1445 838 1481 ostendam,
851 1455 941 1484 argu-

228 1491 374 1522 mentum,
389 1486 440 1516 cui
462 1488 614 1524 inniteris,
636 1489 801 1518 admodum
824 1498 890 1518 esse
907 1488 941 1517 fl-

229 1528 382 1559 culneum.
427 1530 541 1560 Melius
569 1533 624 1560 τῶν
662 1529 693 1560 ἐν
715 1531 764 1570 τῷ
787 1530 940 1570 πολέμῳ

223 1572 413 1611 γεγενημένων
425 1575 588 1614 συμφορῶν,
631 1575 650 1605 J
654 1584 700 1604 am
714 1584 781 1613 quae
793 1575 831 1603 ab
845 1584 940 1603 arma-

229 1619 260 1643 to
276 1614 371 1645 milite
396 1615 636 1656 intemperanter
653 1622 684 1646 et
712 1622 822 1656 praeter
838 1616 938 1656 legem

225 1662 293 1687 acta
310 1664 392 1695 sunt,
406 1664 489 1689 recte
505 1659 642 1690 ostendis
657 1661 694 1690 ad
711 1665 741 1689 te
758 1659 833 1690 nihil
850 1660 938 1699 quid-

223 1711 313 1739 quam
340 1701 502 1740 pertinere.
526 1705 685 1734 Tamen.
742 1704 825 1733 Bene
848 1704 939 1733 habet

221 1744 358 1784 vulgata.
402 1745 537 1776 Nimium
564 1751 689 1776 nasutus
714 1745 764 1777 hic
787 1752 834 1776 est
859 1747 938 1786 Tay-

220 1786 278 1822 lor,
294 1792 346 1817 aut
359 1788 474 1827 potius,
490 1800 527 1820 ne
543 1790 617 1820 satis
641 1789 776 1829 quidem,
800 1800 857 1819 non
874 1789 937 1819 ani-

219 1831 427 1867 madvertens,
444 1843 510 1871 quae
526 1837 632 1863 contra
649 1833 805 1871 vulgatam
829 1833 935 1872 dispu-

220 1877 275 1909 tat,
299 1875 405 1903 eadem
433 1885 526 1914 posse
553 1876 582 1905 in
604 1876 768 1906 lectionem
794 1876 833 1905 ab
865 1876 935 1915 ipso

219 1917 460 1947 commendatam
491 1919 674 1958 retorqueri.
733 1918 818 1948 Fieri
853 1919 934 1949 en-irn

219 1964 335 1998 potest,
349 1963 382 1989 ut
397 1960 508 2000 aliquis
524 1962 729 1992 calamitatum
741 1972 757 1991 e
770 1962 850 1992 bello
865 1972 935 1992 ena-

221 2007 318 2032 tarum
343 2007 429 2033 reatu
455 2008 602 2034 teneatur.
646 2005 697 2035 Ita
718 2015 786 2034 cum
802 2005 934 2035 auctori-

218 2046 277 2076 bus
288 2056 392 2085 agere‚
408 2051 442 2076 ut
462 2047 575 2086 Taylor
595 2047 645 2077 hic
668 2058 736 2078 curn
752 2048 847 2088 Lysia
860 2048 936 2087 egit,

219 2088 250 2117 id
263 2099 337 2118 vero
352 2094 400 2120 est
429 2091 619 2128 συκοφαντεῖν.
642 2091 731 2130 plana
744 2091 794 2121 hic
809 2096 857 2121 est
874 2092 934 2130 Ly-

220 2131 276 2162 siae
289 2132 387 2162 oratio
403 2133 553 2163 neminem
570 2134 659 2165 fac-ile
685 2138 850 2170 moratura,
866 2145 933 2174 quae

219 2175 277 2204 hoc
292 2175 375 2205 vult:
400 2186 461 2214 qno
473 2177 543 2215 jure
567 2187 585 2206 a
609 2187 658 2206 me
673 2187 754 2207 nunc
770 2188 868 2216 poenae
885 2188 933 2208 re-

218 2222 360 2257 petantur
376 2229 479 2249 earum
495 2219 710 2258 calamitatum,
736 2221 849 2260 quibus
874 2231 937 2251 res-

218 2261 344 2299 publica
360 2267 430 2292 tzmc
443 2273 592 2302 oppressa
611 2263 679 2294 suit.
724 2264 820 2295 Foret
835 2268 936 2294 tamen

221 2305 319 2334 oratio
335 2305 441 2344 utique
459 2305 637 2342 dilucidior,
658 2307 811 2346 altiusque
828 2307 858 2337 in
873 2308 937 2337 ani·

220 2356 302 2376 mum
319 2348 521 2379 descenderet
536 2350 585 2379 vis
609 2350 832 2390 oppositorum,
848 2350 873 2380 si
889 2350 938 2380 τό·

220 2400 255 2419 τε
271 2391 445 2421 adderetur.
469 2392 591 2423 Rmsx.
636 2393 724 2423 Nihil
737 2393 875 2424 novarim
893 2394 937 2423 fa-

223 2432 296 2462 cile.
321 2433 541 2465 D’Onvumz.

261 2474 379 2510 ’Ἄλλως
396 2487 429 2506 τε
450 2478 601 2508 καὶτοῦτο
621 2477 654 2509 *ro*
681 2478 794 2520 χωρίον]
817 2479 937 2510 Prono-

221 2529 290 2549 men
306 2520 391 2549 τοῦτο
413 2519 479 2550 sive
496 2525 649 2557 servetur,
673 2523 739 2552 sive
753 2522 936 2553 extermine-

221 2567 282 2598 tur,
307 2563 388 2601 quod
406 2563 445 2592 ad
472 2573 535 2593 rem
560 2564 603 2593 nil
624 2565 709 2601 facit,
723 2575 847 2604 semper
863 2565 938 2596 δ”ιπου

220 2605 393 2636 addendum
410 2605 533 2636 videtur
555 2611 624 2645 post
639 2607 698 2642 καὶ,
716 2613 747 2637 ut
764 2608 805 2637 sit
820 2614 871 2638 aut
883 2609 937 2638 ἅλ-

221 2654 278 2682 λως
293 2659 325 2678 τε
341 2649 391 2678 καὶ
404 2647 473 2679 δ’που
485 2649 518 2680 τὸ
540 2649 650 2691 χωρίον,
666 2656 717 2679 aut
733 2650 830 2684 ἄλλως
841 2662 875 2681 τε
890 2651 938 2681 καὶ

218 2690 291 2722 ὅπου
302 2692 386 2722 τοῦτο
400 2691 433 2722 τὸ
448 2691 555 2733 χωρίον.
571 2703 632 2732 quo
648 2693 784 2723 admisso
800 2694 861 2723 erit
874 2699 937 2724 tan-

219 2736 348 2765 tundem
365 2739 454 2775 atque
467 2734 509 2765 ἕτι
526 2736 576 2766 vel
592 2734 650 2771 δ’τε,
665 2736 715 2765 vel
732 2734 757 2765 ἐν
773 2733 807 2775 ᾧ,
819 2738 866 2766 vel
879 2738 938 2766 tale

220 2778 308 2816 quid,
326 2783 357 2808 et
373 2783 435 2809 tum
451 2778 495 2808 nil
511 2789 589 2819 opus
603 2779 662 2809 erit
678 2779 854 2808 Marklandi
868 2790 939 2820 sup-

218 2821 386 2860 plemento.
410 2823 532 2853 Rmsx.

262 2863 423 2906 ”Απςατον]
443 2865 617 2906 ”Απρακτον.
641 2866 685 2895 Co
715 2876 746 2895 Τ.

269 2906 402 2948 metam]
427 2910 463 2939 F.
481 2909 542 2948 leg.
559 2909 665 2938 πλεῖον.
687 2875 854 2939 Sturum.

272 2949 341 2990 Τρία
356 2949 417 2982 ἔτη.
429 2952 459 2981 οὐ
475 2950 652 2990 θαυμαστὸν
663 2951 685 2981 εἰ
699 2951 778 2991 etc.]
803 2951 941 2986 Mallem,

232 2992 297 3033 ‘rga'a
312 2992 373 3024 ἔτη.
418 2993 455 3025 Τί
468 2992 510 3026 οὖν
529 2994 718 3035 &aurum-ter,
745 2995 767 3025 εἶ
789 2993 856 3025 τὸτε
883 2999 943 3025 etc.

973 1272 1026 1302 Sic
1050 1273 1142 1303 Philo
1168 1273 1296 1305 Judaeus
1321 1284 1353 1313 p.
1379 1273 1455 1305 596.
1479 1273 1537 1303 Ed.
1553 1273 1690 1304 Turneb.

974 1315 1006 1345 τί
1027 1313 1070 1346 οὖν
1102 1316 1270 1356 Θαυμαστὸν
1293 1316 1316 1346 εἶ
1345 1318 1425 1346 κατὰ
1454 1315 1604 1346 τούναντίον
1625 1321 1687 1346 etc.

976 1359 1106 1389 Excidit
1132 1361 1210 1389 forte
1239 1358 1270 1390 τί
1305 1365 1432 1398 propter
1461 1360 1686 1399 praecedeutern

976 1402 1123 1440 syllabam
1160 1414 1215 1433 ‘rnz
1240 1403 1321 1442 quod
1353 1403 1399 1432 his
1423 1402 1455 1432 in
1487 1402 1688 1432 Orationibus

974 1445 1221 1484 frequentissime
1251 1445 1404 1475 accidisse
1433 1445 1536 1475 video.
1567 1447 1690 1476 Mani(-

978 1498 1084 1518 LAND.
1129 1489 1157 1518 οὐ
1173 1490 1201 1519 δὴ
1218 1488 1379 1528 ἓαμασ-τόν
1393 1493 1452 1517 etc.
1475 1488 1578 1518 com.

1019 1529 1214 1571 Ἐπίο-τασθε]
1233 1533 1272 1561 Ν.
1287 1531 1377 1560 infra:
1392 1531 1500 1564 Αὐτοὺς
1513 1529 1599 1560 τοίνυν
1613 1530 1692 1569 ὑμᾶς

975 1573 1081 1604 τούτων
1098 1574 1250 1614 μάρτυρας
1271 1572 1446 1614 παρέξομαι,
1468 1572 1692 1614 ἐπιμελομένους

973 1617 1029 1654 μὲν
1050 1615 1173 1646 ἑκάστου
1183 1617 1277 1656 μηνὸς,
1289 1617 1432 1656 γνώμονας
1447 1616 1515 1658 (vel
1531 1615 1691 1655 ἐπιγνώμο.

974 1659 1039 1700 νας)
1064 1659 1091 1690 δὲ
1113 1659 1293 1700 πέμποντας
1319 1658 1391 1690 καθ’
1411 1659 1533 1691 ἕκαστον
1559 1658 1689 1690 ἐνιαυτόν.

973 1703 1043 1732 Non
1063 1714 1137 1742 ergo
1150 1704 1272 1733 videtur
1287 1703 1325 1733 ad
1338 1713 1442 1733 omnes
1456 1703 1689 1742 Areopagitioos

973 1746 1156 1785 pertinuisse
1177 1757 1216 1776 ex
1227 1756 1316 1786 aequo
1329 1746 1393 1775 haec
1411 1756 1495 1781 cura,
1512 1747 1565 1776 sed
1581 1746 1620 1776 ad
1632 1755 1690 1776 nu·

972 1799 1088 1820 merum
1104 1790 1269 1820 delectum.
1299 1790 1417 1829 Legere
1433 1789 1534 1828 itaque
1550 1789 1685 1825 mallem,

973 1833 999 1862 si
1011 1834 1109 1863 Codd.
1127 1833 1322 1872 adjuvarent,
1338 1832 1445 1862 ordine
1459 1832 1603 1862 inverso:
1618 1832 1688 1870 μᾶ-

971 1881 1089 1905 λισ-τα
1126 1875 1203 1905 ὅό-οι
1234 1878 1290 1905 τῶν
1319 1875 1451 1905 τοιούτων
1480 1873 1686 1914 ἐπιμελεῖσθε.

969 1920 1127 1949 ΤΛηοη.

1014 1961 1105 1995 Ἰδίαις
1116 1961 1164 1991 καὶ
1178 1961 1290 2002 μοξίαις
1301 1961 1422 2003 ἐλαίαις]
1439 1961 1530 1996 Ἰδίαις
1544 1960 1593 1991 καὶ
1607 1961 1688 2001 nogi-

969 2016 1014 2039 αις
1042 2006 1090 2035 καὶ
1119 2004 1237 2039 ἐλαίαις.
1271 2006 1377 2035 CoN'r.
1423 2005 1568 2035 Ordinem
1596 2005 1688 2042 hunc,

969 2048 1020 2088 qui
1043 2048 1074 2077 in
1101 2048 1224 2085 Aldina,
1249 2048 1279 2078 in
1301 2047 1431 2079 Coislin.
1457 2053 1488 2078 et
1512 2044 1688 2079 Vindobon.

969 2095 1030 2127 est,
1045 2092 1249 2121 revocandum
1272 2092 1388 2122 censui.
1402 2091 1520 2132 vulgati
1541 2092 1614 2121 dant
1635 2089 1687 2121 m-

970 2145 1014 2168 αις
1043 2133 1152 2169 ἐλαίαις
1188 2134 1237 2164 nat
1273 2133 1394 2176 μορίαις.
1433 2135 1517 2173 quod
1544 2134 1582 2164 ad
1622 2144 1687 2165 rem

970 2177 1080 2217 ipsam,
1094 2177 1222 2217 perinde
1239 2183 1299 2214 est,
1313 2178 1406 2207 modo
1421 2182 1484 2207 tum
1499 2176 1609 2218 μορίαις
1628 2187 1688 2207 non

971 2231 1026 2260 pro
1043 2222 1247 2257 substantivo,
1273 2222 1328 2251 sed
1342 2231 1396 2262 pro
1412 2221 1567 2259 adjectivo
1578 2220 1688 2250 habea·

971 2268 1031 2294 tur.
1058 2264 1090 2293 id
1118 2265 1199 2303 quod
1224 2264 1315 2294 etiam
1341 2268 1399 2294 est.
1450 2265 1551 2294 Recte
1575 2263 1688 2293 dicitur

970 2305 1055 2348 μορία
1071 2306 1165 2343 ἐλαία,
1190 2313 1220 2337 et
1237 2308 1281 2337 sic
1298 2308 1414 2338 Noster
1426 2317 1547 2347 quoque
1564 2316 1596 2346 p.
1614 2309 1689 2336 110.

972 2350 1027 2380 ult.
1042 2350 1136 2386 dixit,
1153 2355 1183 2381 et
1200 2351 1264 2380 baec
1277 2354 1326 2380 est
1341 2351 1429 2391 plena
1449 2350 1556 2386 dictio,
1581 2349 1688 2386 altera,

972 2404 1041 2423 cum
1068 2392 1154 2435 μορία
1181 2393 1247 2423 sola
1274 2394 1456 2433 appellatur,
1486 2393 1550 2423 sine
1581 2392 1688 2422 addito

970 2434 1065 2473 ἐλαία,
1091 2436 1180 2476 quasi
1203 2446 1312 2467 nomen
1337 2436 1560 2467 substantivum
1576 2436 1628 2471 sit,
1640 2439 1689 2465 est

972 2480 1113 2519 elliptica
1137 2480 1245 2515 dictio,
1269 2479 1321 2509 ubi
1345 2489 1465 2518 semper
1489 2476 1573 2509 ἐλαία
1596 2479 1689 2508 debet

973 2522 1146 2553 subaudiri.
1205 2523 1282 2553 Olea
1312 2532 1398 2553 sacra
1422 2522 1496 2552 ideo
1528 2521 1689 2551 dicebatur

971 2564 1069 2605 μοςία,
1086 2566 1168 2606 quod
1184 2569 1268 2596 esset
1293 2563 1319 2595 ἓν
1333 2565 1418 2606 μόρα,
1434 2565 1466 2595 h.
1481 2575 1509 2594 e.
1523 2562 1550 2594 ἐν
1565 2562 1688 2603 τεμένει.

973 2610 1090 2639 Notum
1111 2613 1157 2639 est
1174 2608 1290 2649 τέμενος
1310 2619 1378 2639 esse
1393 2608 1519 2638 fundum
1536 2616 1554 2636 a
1567 2607 1688 2646 reliquo

972 2654 1099 2691 profano
1117 2662 1190 2690 agro
1208 2656 1382 2690 separatum
1406 2655 1438 2680 et
1462 2649 1558 2680 sacris
1581 2650 1690 2680 usibus

972 2699 1194 2730 consecratum,
1205 2694 1376 2733 publicisve
1392 2692 1521 2731 alicujus
1537 2691 1686 2730 civitatis,

972 2742 1006 2766 ut
1027 2737 1112 2767 illum
1134 2737 1260 2766 fundum
1277 2736 1335 2766 sibi
1349 2746 1490 2775 arrogare
1512 2735 1685 2775 privatisve

972 2779 1079 2810 usibus
1107 2790 1253 2809 exercere
1281 2779 1404 2818 privato
1437 2778 1538 2808 minus
1566 2778 1686 2809 liceret.

973 2824 1048 2853 Erat
1063 2832 1136 2862 ergo
1151 2821 1234 2851 ἐλαία
1253 2821 1336 2862 μυρία
1352 2822 1419 2852 olea
1432 2825 1514 2852 stans
1531 2821 1560 2851 in
1577 2822 1614 2864 τῇ
1628 2821 1683 2862 μα’-

973 2877 1018 2906 ςᾳ,
1035 2866 1083 2895 vel
1099 2865 1257 2904 pertinens
1272 2865 1309 2894 ad
1326 2875 1404 2895 eam.
1425 2866 1541 2895 Rmsx.

1018 2910 1078 2938 Τῶν
1106 2907 1213 2948 αὐτῶν]
1237 2908 1426 2947 Legendum:
1456 2909 1512 2937 τῶν
1541 2907 1618 2938 αὐτὰ
1642 2923 1684 2930 -

974 2950 1162 2990 κεκτημένων.
1207 2951 1374 2990 Vide,quae
1390 2951 1577 2990 praecedunt.
1626 2951 1685 2979 Re·

976 2999 1025 3026 cte
1042 2994 1215 3035 Stephanus
1238 3005 1294 3035 pro
1313 2993 1442 3035 ἀξιοῦται
1464 2994 1540 3034 legit
1562 2992 1684 3032 ἀξιοῦτε.
