1901 3244
731 188 1062 230 PRAEFATIO.
1539 178 1617 218 677

699 311 934 348 CODICES
965 309 1090 346 ALII.

234 394 258 432 i.
289 395 423 433 Codex
444 396 563 433 Italus
588 409 654 433 seu
674 395 857 439 Venetus,
879 395 902 431 i.
924 408 957 431 e.
989 391 1119 429 Editio
1140 390 1294 433 Aldina,
1315 391 1361 426 ad
1389 388 1500 436 cnjus
1528 398 1622 422 mar-

180 455 306 503 ginem
321 456 520 493 Vari-„intes
536 469 580 493 ex
599 468 644 492 eo
666 455 867 492 Lectiones
883 458 1076 491 annotatae
1094 456 1180 489 sunt
1196 464 1205 494 ;
1227 462 1321 499 quas
1340 448 1524 485 Sluiterus
1544 458 1627 495 pro-

183 515 269 551 tulit
289 515 326 552 in
346 516 595 553 Lectionibus
616 515 869 552 Andocideis.

236 578 262 612 l.
293 576 426 613 Codex
444 575 735 620 Laurentianus,
753 576 847 625 plut
873 579 938 614 57.
960 573 1050 611 cod.
1072 577 1109 608 4.

237 648 288 674 m.
318 637 451 673 Codex
483 636 755 685 fflephanicus,
777 637 801 672 i.
825 649 859 672 e.
882 634 1081 671 Variantes
1107 631 1311 669 Lectiones
1341 627 1389 665 ad
1420 625 1626 674 marginem

185 695 363 732 editionis
384 696 436 732 H.
456 696 645 745 Stephani
667 695 804 732 affixae.

240 769 277 793 n.
307 756 441 793 Codex
461 757 548 795 MS.
571 757 801 794 Orationum
823 755 1095 793 Demosthenis
1113 754 1148 790 in
1165 752 1409 790 Bibliotheca
1426 748 1632 797 Lugduno-

190 818 346 863 Batava,
366 818 504 867 quibus
525 818 767 867 subjungitur
789 817 974 854 Funebris
994 815 1116 865 Lysiae
1134 814 1280 856 orati0;
1312 823 1426 861 quem
1453 821 1538 846 cum
1567 820 1630 843 ex-

188 879 315 928 emplo
334 879 567 928 Stephanico
586 879 751 916 eontulit
773 878 974 915 Sluiterus.

242 952 280 988 q.
311 939 447 976 Codex
461 939 647 983 Venetus,
670 938 780 987 cujus
800 938 999 975 variantes
1021 936 1223 973 Lectiones
1239 934 1274 970 in
1291 932 1470 969 Editione
1486 930 1630 967 minore

188 1000 295 1038 dedit
314 1001 514 1050 Taylorus.

752 1067 1060 1106 EDITIONES.

243 1155 335 1193 Ald.
358 1155 488 1192 Editio
509 1155 611 1200 Aldi,
635 1159 751 1193 1513.

245 1215 382 1265 Steph.
405 1215 535 1252 Editio
558 1217 609 1252 H.
627 1215 828 1265 Stephani,
847 1217 964 1254 1575.

245 1277 348 1325 Aug.
368 1275 498 1312 Editio
514 1276 658 1313 Athan.
679 1275 836 1324 Augeri,
857 1277 974 1313 1783.

246 1335 368 1373 Bekk.
391 1336 520 1372 Editio
542 1336 758 1385 nuperrima
779 1332 1025 1371 Immanuelis
1046 1331 1230 1370 Bekkeri.

246 1395 313 1446 *J
339 1395 456 1432 Notae
477 1395 698 1445 compendii
722 1395 868 1444 gratia:
901 1407 973 1443 pr„
996 1393 1101 1442 quod
1122 1392 1272 1437 dicunt,
1294 1391 1415 1440 prima
1434 1402 1567 1427 manus
1587 1412 1638 1417 -—

193 1468 293 1494 corr.
313 1462 511 1493 correctus
536 1478 589 1483 —
607 1456 663 1492 lit.
684 1456 790 1492 litera
810 1454 869 1491 vel
896 1454 1016 1491 literae
1037 1476 1088 1483 -—
1107 1466 1181 1489 om.
1209 1451 1352 1488 omittit
1373 1450 1434 1487 vel
1455 1450 1639 1487 omittunt

194 1540 248 1546 —
265 1530 361 1555 eras.
384 1529 492 1554 erasa
512 1523 569 1554 est
589 1517 648 1554 vel
670 1529 788 1554 erasae
810 1521 896 1553 sunt
913 1537 964 1543 --
979 1514 1068 1552 add.
1087 1513 1123 1550 in
1143 1526 1259 1562 marg.
1282 1512 1390 1550 addit
1411 1511 1469 1549 vel
1490 1510 1641 1548 addunt

197 1579 235 1616 in
256 1579 435 1628 margine.

252 1639 417 1678 Codices
435 1644 474 1677 et
495 1638 694 1677 Editiones
714 1650 801 1676 cum
821 1637 1001 1675 Editione
1024 1637 1075 1673 H.
1097 1635 1279 1684 Stephani
1300 1633 1562 1672 conferuntur.
