1839 3229
221 172 277 213 30
671 221 678 230 ⁸
771 172 805 213 1.
829 172 863 213 Ι.
886 172 1115 214 REISKII

222 289 328 314 meos
347 276 384 313 in
409 289 499 324 usus
529 276 891 327 Schweigheuserus
913 292 1030 324 meuS,
1056 281 1104 318 A.
1123 280 1196 326 M„
1217 279 1265 316 V.
1287 279 1348 327 C.,
1374 281 1609 334 Strasburgi.
1631 298 1667 322 v.

218 337 435 376 Volumiuis
456 338 582 387 quarti
609 338 742 376 horum
764 347 957 377 oratorum
978 341 1124 378 calcem
1146 353 1185 390 p.
1207 344 1297 379 136.
1353 341 1461 386 Quas
1482 344 1519 381 in
1537 344 1669 383 libello

222 398 450 437 variantium
479 399 670 438 interdum
700 400 777 437 cito
807 401 967 439 schedas
997 402 1271 449 Brularfianas,
1296 402 1345 440 de
1364 403 1410 440 iis
1429 403 1571 443 ibidem
1585 406 1668 455 jam

220 460 396 511 exposui.
425 461 525 505 Quae
545 461 699 499 schedae
721 473 811 498 num
833 461 909 499 sint
930 462 1075 501 eaedem
1097 476 1183 501 cum
1202 463 1503 511 Groulartianis,
1524 478 1546 504 a
1564 467 1668 518 Tay-

220 522 304 560 loro
325 523 464 573 passim
485 523 664 570 laudatis,
682 523 773 560 mihi
793 530 901 561 certo
920 536 996 562 non
1011 532 1176 564 constat.
1215 525 1443 576 Suspicatus
1459 526 1668 577 aliquando

220 582 288 629 fui,
310 584 483 622 codicem
505 585 643 636 Lysiae,
667 584 778 633 cujus
805 598 827 622 a
855 598 896 622 se
923 587 1093 636 usurpati
1114 586 1345 625 mentionem
1376 587 1426 625 H.
1449 588 1669 639 Stephanus

219 645 258 682 in
288 646 521 696 marginibus
550 646 728 684 editionis
758 659 836 683 suae
868 646 973 692 facit,
1004 648 1167 686 eundem
1198 661 1281 686 esse
1311 661 1398 686 cum
1420 648 1667 690 Coisliniauo.

220 707 362 744 Verum
392 707 639 757 postmodum
669 707 907 758 deprehendi
937 708 1161 758 Stephanici
1189 709 1376 748 lectiones
1397 723 1418 748 a
1438 710 1670 750 lectionibus

220 767 447 806 Coisliniani
467 769 702 820 discrepare.
762 769 908 806 Rursus
928 769 966 806 in
987 770 1244 820 suspicionem
1267 772 1367 816 veni,
1391 771 1669 822 Stephauicum

219 829 393 868 codicem
412 844 495 868 esse
510 830 674 868 eundem
697 843 784 868 cum
801 830 1108 869 Vindobonensi.
1140 832 1185 869 Id
1203 833 1309 883 quod
1322 833 1580 884 improbabile
1593 848 1673 873 non

219 890 412 942 videbitur
431 891 649 929 recordanti
671 891 722 928 H.
746 891 987 941 Stephanum
1017 892 1054 929 in
1085 891 1196 930 Italia
1225 900 1342 943 atque
1368 894 1579 932 Germania
1607 909 1672 933 su-

218 952 370 1003 periore
391 952 530 990 multos
551 966 619 1003 per
637 966 758 991 annos
778 953 949 1000 haesisse,
963 960 1002 991 et
1023 953 1280 992 bibliothecas
1296 968 1383 993 cum
1403 956 1548 995 Italicis
1569 956 1670 995 Ger-

218 1014 386 1052 manicas
417 1027 602 1052 versasse.
659 1015 804 1052 Verum
834 1015 971 1053 horum
1001 1029 1159 1065 quoque
1189 1015 1368 1054 codicum
1400 1017 1598 1064 lectiones,
1628 1024 1672 1057 ut

219 1077 321 1113 inter
340 1089 380 1113 se
409 1077 550 1126 passim
571 1076 743 1114 locorum
764 1076 987 1123 concinunt,
1015 1077 1065 1114 ita
1088 1090 1216 1115 rursus
1237 1077 1321 1115 aliis
1342 1078 1379 1116 in
1408 1078 1504 1117 locis
1523 1079 1671 1117 discor-

218 1136 325 1175 dant.
356 1137 552 1176 Decuerat
568 1139 703 1188 utique
721 1138 960 1188 Stephanum
975 1138 1194 1188 diligentius
1211 1139 1397 1184 iudicare,
1415 1139 1521 1191 cujas
1537 1139 1675 1179 fuisset

216 1198 279 1237 ille
297 1198 421 1237 codex
446 1199 582 1251 Lysiae,
603 1212 681 1250 quo
704 1213 743 1237 se
761 1213 868 1237 usum
889 1200 941 1237 ait
962 1199 1094 1237 fuisse.
1152 1202 1391 1252 Argumenta
1406 1201 1570 1239 orationi
1588 1202 1673 1240 cui-

218 1274 294 1311 que
325 1261 498 1313 Lysiacae
529 1262 728 1313 praemissa
756 1262 912 1313 Taylori
943 1267 1029 1299 sunt
1059 1261 1208 1307 omnia;
1239 1263 1288 1301 de
1319 1276 1397 1313 quo
1423 1263 1495 1300 nisi
1517 1263 1672 1302 aliunde

216 1329 424 1369 constaret,
459 1324 530 1362 etsi
563 1337 636 1374 ego
666 1324 718 1361 nil
747 1323 1010 1369 admonerem,
1041 1324 1132 1361 satis
1162 1329 1289 1362 tamen
1319 1331 1519 1363 auctorem
1548 1324 1672 1363 dictio

215 1384 301 1435 ipsa
320 1385 515 1436 proderet.
572 1385 934 1423 Animadversiones
958 1386 1113 1436 Taylori
1143 1385 1472 1437 disputationibus
1504 1392 1670 1433 scatent,

218 1453 480 1497 praeterquam
504 1447 610 1498 quod
626 1447 850 1494 caliginosae
872 1453 975 1494 sunt,
993 1454 1034 1485 ut
1049 1446 1285 1496 conjectoris
1301 1455 1452 1498 egeant,
1474 1461 1497 1485 a
1515 1462 1555 1486 re
1575 1461 1673 1499 quo-

217 1522 310 1560 que,
333 1509 381 1547 de
397 1522 474 1560 qua
494 1509 633 1560 agitur,
652 1509 904 1547 alienissimis.
960 1509 1119 1547 Vanitas
1151 1509 1235 1547 haec
1259 1516 1317 1547 est
1346 1509 1509 1547 hominis
1537 1509 1673 1560 copias

216 1570 412 1608 literarum
436 1571 680 1616 ostentantis,
712 1584 732 1608 e
759 1570 964 1608 multifaria
991 1571 1199 1609 multorum
1230 1570 1463 1608 voluminum
1492 1570 1672 1616 lectione,

217 1637 286 1669 aut
304 1632 611 1682 pervolutatione
633 1639 751 1678 certe,
773 1632 969 1670 collectas.
1014 1636 1046 1668 A
1071 1645 1148 1682 quo
1167 1633 1304 1670 morbo
1324 1646 1395 1682 ego
1417 1645 1498 1669 sum
1519 1632 1674 1670 alienis-

216 1694 348 1741 simus,
370 1695 444 1733 hoc
465 1695 678 1745 strigosior,
696 1709 774 1745 quo
795 1694 858 1732 alii
879 1700 966 1732 sunt
983 1694 1193 1732 obesiores.
1251 1695 1328 1732 Res
1349 1695 1443 1745 ipsae
1463 1701 1592 1743 sunto,
1606 1708 1677 1746 per

216 1769 276 1794 me
294 1756 440 1802 licebit,
463 1756 592 1801 bonae,
614 1763 653 1794 et
673 1756 875 1807 exquisitae
896 1756 1008 1794 ade0.
1055 1755 1142 1794 Non
1165 1763 1292 1794 tamen
1314 1757 1372 1795 his
1393 1770 1496 1795 nunc
1516 1764 1597 1795 erat
1613 1758 1676 1796 hic

215 1818 341 1856 locus.
399 1817 503 1861 Quid
537 1818 678 1855 attinet
707 1832 728 1855 e
759 1817 1068 1868 Dactyliothecis
1097 1831 1265 1866 gemmas
1295 1832 1341 1855 ex
1369 1832 1445 1856 aere
1466 1819 1634 1865 caelatas,
1654 1832 1675 1856 e

216 1879 531 1930 syntagmatibus
553 1878 867 1929 Inscripfionum,
890 1878 937 1915 ad
958 1891 1045 1926 quae
1062 1879 1153 1915 satis
1169 1878 1294 1916 fuerat
1309 1879 1473 1917 lectores
1489 1879 1675 1929 ablegari,

216 1941 354 1991 longos
371 1940 504 1978 titulos
524 1946 713 1990 repetere,
733 1939 834 1977 unde
857 1939 908 1976 nil
930 1939 1071 1985 discas,
1091 1939 1197 1989 quod
1218 1940 1266 1977 ad
1287 1953 1365 1978 rem
1383 1940 1513 1987 faciat,
1530 1947 1568 1978 et
1586 1954 1677 1991 pue-

216 2015 279 2040 ros
299 2001 421 2051 fugiat
442 2000 577 2039 ludum
599 2000 807 2039 literarium
829 2000 1134 2050 frequentantes.
1175 2001 1481 2040 Commentarios
1502 2003 1538 2039 in
1560 2002 1674 2040 alium

217 2076 487 2112 quemcunque
508 2069 704 2101 auctorem
722 2064 754 2100 si
770 2062 930 2112 tejuvet
947 2063 1059 2101 simili
1077 2063 1192 2101 modo
1206 2064 1467 2111 conscribere,
1483 2064 1674 2103 volumina

218 2131 279 2164 tot
306 2125 412 2163 nullo
432 2126 588 2176 negotio
608 2138 829 2176 exaggereS,
852 2131 945 2173 quot
967 2125 1025 2163 vel
1042 2125 1230 2163 camelum
1252 2124 1424 2175 fatigent.
1481 2126 1565 2177 Ego
1586 2139 1676 2165 vero

217 2188 313 2225 meis
335 2188 372 2224 in
393 2187 677 2225 commentariis
698 2186 990 2225 conscribendis
1012 2187 1114 2225 hunc
1133 2187 1238 2224 tenui
1260 2187 1431 2234 moduni,
1445 2194 1484 2226 et
1500 2188 1573 2226 hoc
1588 2201 1676 2239 spe-

218 2248 336 2296 ctavi,
368 2255 410 2287 ut
435 2255 500 2287 aut
531 2249 740 2287 sententias
763 2250 936 2293 oratoris,
959 2248 1083 2288 sicubi
1103 2248 1325 2287 viderentur
1344 2249 1678 2298 tenebricosiores,

217 2310 374 2348 admota
392 2310 477 2349 face
493 2311 846 2350 circumlocutionis
863 2311 1130 2361 illuminarem,
1150 2317 1218 2348 aut
1237 2311 1406 2359 mendas,
1424 2312 1491 2350 ubi
1506 2325 1674 2362 possem,

217 2385 290 2423 pro
310 2372 469 2410 modulo
497 2386 581 2410 meo
609 2373 868 2420 emendarem,
896 2379 962 2411 aut
982 2373 1106 2410 saltim
1128 2372 1353 2412 indicarem.
1411 2373 1474 2410 Ad
1504 2373 1676 2412 libellum

218 2433 398 2484 Dionysii
419 2434 616 2472 Halicarn.
639 2434 828 2473 accedent
846 2434 1073 2486 Tayloranis
1100 2441 1138 2472 et
1159 2433 1440 2472 Marklandinis
1466 2435 1676 2484 annotatis,

218 2507 294 2532 una
314 2508 401 2532 cum
428 2495 536 2540 meis,
565 2496 681 2533 variae
703 2496 890 2535 lectiones
910 2510 930 2534 e
957 2496 1095 2534 codice
1115 2496 1431 2542 Helmstadiensi‚
1452 2502 1491 2534 et
1513 2503 1677 2535 annota-

217 2556 346 2594 tiones
366 2556 399 2593 Ι.
421 2556 483 2594 Fr.
508 2557 702 2604 Matthaei,
723 2558 772 2595 V.
799 2558 845 2596 C.
875 2557 1067 2607 ejusdem,
1096 2557 1208 2607 cujus
1238 2570 1354 2608 super
1379 2557 1561 2595 AEschine
1590 2571 1675 2597 ora-

216 2624 300 2656 tore
321 2617 621 2668 disputationem
643 2617 797 2656 doctam
819 2625 858 2657 et
878 2619 1055 2657 subtilem
1077 2625 1215 2668 quarto
1236 2619 1371 2657 horum
1391 2625 1587 2657 oratorum
1609 2633 1675 2657 vo-

213 2679 358 2718 lumine
378 2679 550 2718 exhibui.
608 2680 722 2717 Parat
742 2680 804 2717 ille
821 2693 924 2719 nunc
946 2681 1156 2719 discessum
1178 2693 1201 2718 a
1221 2680 1347 2727 nobis,
1371 2680 1445 2719 iter
1463 2681 1617 2731 longum
1638 2687 1678 2720 et

214 2742 420 2780 molestum
448 2740 548 2778 intra
576 2754 722 2791 paucos
755 2741 839 2784 dies
870 2743 1122 2791 ingressurus,
1150 2742 1255 2792 quod
1285 2741 1358 2780 iter
1388 2741 1484 2780 deus
1504 2741 1678 2781 fortunet

215 2809 334 2854 atque
355 2802 558 2842 secundet.
616 2802 874 2847 Moscoviam,
904 2803 952 2840 ad
983 2803 1277 2853 Hyperboreos,
1299 2803 1508 2841 arcessitus
1529 2810 1603 2850 est,
1634 2810 1678 2842 ut

215 2864 253 2902 in
275 2865 368 2903 ludo
389 2864 562 2916 publico,
581 2864 645 2912 qui
664 2864 718 2901 ibi
738 2870 810 2909 est,
834 2864 1079 2901 humaniores
1099 2864 1227 2902 literas
1249 2863 1492 2914 profiteatur.
1530 2865 1676 2904 Patriae

215 2939 328 2977 paeue
350 2940 574 2973 succenseo,
599 2925 772 2964 homines
798 2925 987 2972 literatos,
1016 2925 1157 2975 quibus
1187 2926 1270 2976 ipsa
1291 2932 1421 2975 posset
1442 2927 1511 2971 uti,
1534 2926 1675 2980 invitos
