1839 3229
213 184 268 227 38
756 187 946 230 LYSIAE
978 188 1133 231 VITA.

213 292 480 332 indixerunt*
537 294 695 334 Factum
717 303 776 334 est
795 297 835 335 id
855 297 1097 348 potissimum
1118 294 1284 334 consilio
1303 300 1420 344 atque
1437 294 1667 333 auctoritate

217 354 446 401 Alcibiadis,
478 355 528 394 ad
563 357 668 407 quod
696 359 906 409 gerendum
938 361 1022 409 ipse
1052 359 1129 396 dux
1159 358 1307 395 clectus
1327 363 1385 394 est
1405 370 1492 395 cum
1512 357 1666 394 duobus

217 416 390 467 collegis,
410 417 524 456 Nicia
545 426 582 456 et
599 420 809 458 Lamacho,
866 420 940 457 Vix
969 421 1006 458 in
1039 419 1207 458 Siciliam
1238 419 1426 470 pervenit,
1454 432 1541 457 cum
1572 432 1669 456 nun-

218 477 300 516 cius
318 479 353 516 ei
374 491 462 516 cum
488 493 583 517 nave
604 480 812 519 Salaminia
830 494 851 518 a
872 481 1096 532 magistratu
1126 481 1264 518 missus
1293 487 1407 525 esset,
1436 487 1478 517 ut
1509 480 1665 518 domum

218 539 267 577 ad
289 552 444 579 causam
465 540 669 579 dicendam
690 542 846 580 rediret.
903 542 1003 580 Nam
1024 543 1248 593 priusquam
1266 528 1547 587 classis'exiret,
1565 542 1668 580 acci-

219 601 289 647 dit,
320 606 364 639 ut
392 614 466 639 una
495 608 610 640 nocte
640 616 772 641 omnes
793 603 962 649 Hermae,
979 605 1046 654 qui
1069 604 1230 642 Athenis
1250 610 1373 648 erant,
1395 602 1669 651 dejicerentur,

221 662 327 714 quod
348 675 424 700 non
445 663 493 700 ad
510 664 697 714 privatam
720 678 814 710 rem,
836 665 901 702 sed
923 664 972 702 ad
993 664 1299 714 conjurationem
1320 664 1516 715 pertinere
1538 664 1670 702 existi-

221 724 410 771 mabatur,
437 732 476 762 et
505 724 542 762 in
572 725 831 772 Alcibiadem,
861 726 952 776 quia
983 727 1120 764 ceteris
1149 726 1273 775 major
1296 732 1378 763 erat
1397 732 1437 763 et
1456 725 1670 776 potentior,

221 786 390 836 ideoque
423 788 656 838 suspectior,
690 789 908 826 convenire.
968 788 1269 826 Insimulabatur
1298 794 1487 838 praeterea
1520 787 1671 825 Cereris

223 849 405 898 mysteria
426 848 462 886 in
485 849 602 887 domo
624 863 691 888 sua
711 850 861 896 fecisse,
885 849 990 900 quod
1014 848 1120 887 nefas
1140 855 1221 887 erat
1240 862 1345 888 more
1362 848 1670 887 Atheniensium.

222 911 444 948 Revocatus
463 911 579 961 igitur
598 925 620 950 a
639 912 740 950 bello
756 912 804 950 ad
821 912 1032 961 judicium,
1055 924 1144 951 eum
1165 912 1202 949 in
1224 924 1357 962 magna
1377 925 1447 962 spe
1461 918 1563 950 esset
1582 924 1673 962 pro—

223 970 359 1010 vinciae
383 973 481 1011 bene
500 973 829 1021 administrandae,
843 980 1048 1024 postquam
1069 973 1352 1024 aliquantulum
1376 973 1524 1011 itineris
1540 972 1675 1011 confe-

223 1034 356 1083 cisset,
378 1035 475 1072 clam
497 1049 535 1072 se
555 1049 577 1073 a
598 1036 826 1074 custodibus
848 1036 1049 1081 subduxit,
1075 1043 1113 1073 et
1143 1034 1308 1085 primum
1340 1034 1502 1080 Elidem,
1533 1034 1675 1072 deinde

223 1095 550 1134 Lacedaemonem
571 1098 688 1136 venit.
745 1099 932 1148 Magnum
957 1111 1003 1135 ea
1028 1110 1088 1135 res
1108 1096 1400 1135 Atheniensium
1422 1096 1586 1135 fortunis
1606 1095 1674 1133 de-

224 1157 444 1196 trimentum
470 1160 616 1206 attulit,
636 1173 725 1197 cum
748 1159 1007 1211 intelligerent
1027 1158 1191 1197 eundem
1213 1158 1407 1195 hominem
1429 1164 1470 1196 et
1489 1157 1676 1209 prodesse

224 1220 432 1270 plurimum
453 1228 492 1258 et
511 1221 650 1259 obesse
670 1222 789 1272 Reip.
821 1222 1008 1272 potuisse.
1067 1221 1163 1270 Ejus
1183 1220 1283 1258 enim
1305 1219 1466 1258 consilio
1488 1218 1677 1258 Lacedae-

225 1281 343 1319 monii
365 1283 631 1333 Syracusanis,
649 1283 824 1334 Gylippo
854 1283 967 1328 duce,
998 1282 1176 1320 auxilium
1210 1281 1453 1325 decernunt;
1487 1287 1526 1318 et
1555 1280 1678 1318 Athe-

225 1343 374 1381 nienses
396 1344 536 1382 ibidem
559 1345 703 1382 bellum
724 1359 794 1396 per
815 1345 1019 1383 triennium
1037 1345 1229 1396 cupidius,
1246 1357 1358 1394 quam
1378 1343 1530 1381 felicius
1543 1356 1679 1394 geren-

226 1411 299 1452 tes,
316 1419 402 1444 cum
422 1406 617 1444 Lamacho
637 1414 676 1445 et
698 1407 815 1446 Nicia
835 1407 1001 1445 ducibus
1021 1413 1139 1457 atque
1168 1407 1285 1444 etiam
1307 1406 1584 1451 Demosthene,
1611 1404 1679 1455 qui

226 1467 261 1506 ei
281 1467 382 1506 bello
397 1482 483 1506 cum
504 1469 662 1520 imperio
683 1469 884 1515 successit,
900 1469 949 1507 ad
972 1468 1165 1507 interitum
1181 1466 1447 1518 profligarunt.
1491 1466 1679 1515 Ejusdem

225 1543 345 1581 opera
366 1531 511 1569 Ioniam
544 1538 583 1570 et
606 1532 829 1570 tributarias
851 1531 1147 1570 Atheniensium
1168 1531 1346 1568 civitates
1367 1530 1404 1567 in
1427 1529 1518 1567 Asia
1540 1529 1587 1566 ad
1610 1528 1677 1566 de-

226 1592 435 1630 fectionem
457 1594 728 1642 sollicitarunt,
748 1607 885 1644 pacem
905 1607 991 1632 cum
1016 1593 1136 1630 Dario
1153 1606 1241 1643 rege
1261 1592 1466 1629 Persarum
1487 1591 1677 1635 fecerunt,

226 1659 267 1691 et
287 1654 457 1693 Decelea
477 1656 626 1706 oppido
652 1656 690 1694 in
716 1655 848 1693 Attica
869 1661 1000 1706 capto,
1022 1654 1282 1705 praesidioque
1303 1653 1356 1690 ibi
1376 1653 1517 1703 posito,
1538 1652 1675 1691 urbem

227 1714 265 1753 in
285 1716 487 1755 obsidione
505 1721 759 1759 tenuerunt.†
1600 1744 1605 1748 κ

282 1777 571 1817 Lacedaemonii
591 1779 751 1825 interea,
774 1781 853 1817 sive
875 1778 1030 1830 ingenio
1045 1777 1260 1817 Alcibiadis
1276 1777 1445 1815 versatili
1460 1776 1588 1824 diffisi,
1605 1776 1682 1815 sive

228 1840 367 1890 Agidis
387 1841 549 1878 consilio
569 1841 694 1887 ducti,
721 1841 824 1891 apud
844 1853 960 1890 quem
979 1839 1199 1878 Alcibiadis
1216 1839 1336 1877 virtus
1356 1844 1394 1876 et
1414 1851 1474 1876 res
1496 1839 1594 1876 bene
1615 1851 1682 1887 ge-

229 1908 300 1940 stae
321 1902 407 1952 plus
423 1902 591 1949 invidiae,
607 1916 721 1954 quam
737 1902 870 1954 gratiae
885 1908 1158 1940 contraxerant
1171 1900 1400 1949 (accedebat
1416 1901 1530 1938 etiam
1554 1899 1683 1937 uxoris

227 1962 399 2010 infamia,
419 1977 535 2014 quam
562 1965 791 2003 Alcibiades
812 1963 1004 2002 adulterio
1026 1965 1286 2012 cognoverat),
1309 1969 1460 2012 tempus
1491 1961 1682 1999 hominem

231 2024 494 2064 interficiendi
515 2040 686 2077 quaerere
706 2026 935 2064 instituunt:
968 2025 1037 2062 Ille
1067 2024 1222 2074 cognita
1242 2036 1281 2061 re
1303 2023 1352 2060 ad
1381 2023 1682 2073 Tissaphernem

232 2086 462 2137 praefectum
483 2088 594 2125 Darii
615 2088 714 2138 regis
735 2087 834 2126 clam
854 2086 1025 2137 aufugit:
1058 2085 1120 2124 cui
1140 2098 1228 2123 cum
1253 2098 1292 2122 se
1313 2084 1489 2122 celeriter
1510 2090 1550 2121 et
1567 2082 1685 2121 officii

232 2148 416 2187 comitate
435 2155 475 2188 et
494 2149 570 2188 oris
591 2150 713 2201 gratia
732 2149 982 2194 insinuasset,
1005 2162 1093 2186 mox
1115 2152 1354 2185 commeatus
1375 2143 1684 2184 Lacedaemoniis

233 2210 397 2261 maligne
415 2211 590 2262 praebere
612 2212 764 2258 suadet,
795 2211 940 2249 docens
975 2215 1002 2231 “
1025 2209 1175 2247 minime
1203 2208 1296 2246 utile
1316 2221 1400 2246 esse
1422 2206 1530 2245 Darii
1552 2205 1685 2250 rebus,

234 2272 347 2311 unius
367 2273 534 2311 civitatis
564 2287 658 2324 opes
679 2273 790 2311 nimis
808 2285 999 2318 crescere,
1015 2284 1061 2309 ne
1082 2269 1262 2309 confecto
1283 2269 1385 2307 bello
1407 2268 1532 2307 statim
1549 2267 1582 2305 ei
1599 2279 1685 2304 cum

233 2332 447 2373 victoribus
466 2342 569 2373 esset
588 2335 891 2374 dimicandum.'’
930 2333 1008 2372 Ubi
1028 2333 1127 2370 hanc
1146 2344 1305 2383 operam
1321 2330 1469 2369 civibus
1490 2328 1569 2367 suis
1588 2339 1688 2378 prae-

235 2394 348 2442 stitit,
370 2410 457 2435 mox
478 2397 527 2436 de
546 2397 675 2436 reditu
695 2399 734 2436 in
754 2397 917 2448 patriam
936 2396 1109 2447 cogitare
1131 2395 1265 2445 coepit.

288 2457 381 2496 Erat
401 2459 475 2497 hoc
497 2465 671 2510 tempore
695 2459 883 2497 Pisander
906 2458 1055 2497 Praetor
1077 2455 1375 2495 Atheniensium
1401 2452 1507 2504 apud
1528 2452 1688 2490 Samum

235 2531 323 2556 cum
343 2520 532 2559 exercitu.
591 2522 689 2559 Cum
719 2533 766 2558 eo
787 2520 1017 2558 Alcibiades
1045 2532 1115 2570 per
1144 2515 1404 2556 internuncios
1434 2514 1687 2565 colloquitur.

236 2580 376 2619 Monet
394 2594 481 2619 eum
502 2582 804 2620 “immoderatae
820 2582 959 2620 civium
977 2581 1147 2620 licentiae
1166 2576 1485 2627 crudelitatisque
1496 2589 1586 2627 erga
1603 2587 1688 2622 eos,

237 2641 304 2693 qui
326 2642 485 2680 multum
508 2644 547 2680 in
567 2643 736 2694 imperiis
761 2643 1126 2694 magistratibusque
1154 2638 1294 2678 versati
1325 2639 1533 2689 plurimum
1558 2636 1685 2689 gratia

238 2709 280 2742 et
298 2704 528 2743 auctoritate
547 2713 698 2744 ceteros
714 2705 997 2743 antecellebaut
1009 2704 1046 2742 :'’
1064 2704 1173 2752 (Erat
1188 2708 1316 2739 autem
1338 2700 1524 2738 Pisander
1536 2697 1688 2743 eodem,

282 2799 390 2830 *Vid.
414 2801 553 2841 Thucyd.
575 2803 597 2831 l.
620 2804 650 2833 6.
680 2802 810 2832 Diodor.
834 2801 947 2832 Justiu.
982 2811 1104 2831 cessere
1124 2799 1192 2829 anni
1218 2796 1373 2829 DCCLX.
1397 2795 1491 2826 Diod.
1515 2794 1621 2837 Si⁰·.¹·
1640 2797 1691 2826 13.

238 2843 378 2872 Studium
396 2844 624 2875 Atheniensium
640 2845 670 2875 in
685 2846 742 2875 hoc
757 2845 837 2874 bello
850 2844 948 2874 susci·
980 2844 1048 2874 init.

237 2885 352 2924 piendu
376 2887 498 2927 egregie
520 2889 666 2918 describit
681 2888 834 2917 Plutarch.
850 2887 878 2916 in
895 2887 946 2916 ΑΙ·
1025 2889 1038 2918 †
1064 2887 1137 2925 Lys.
1162 2895 1192 2924 p.
1217 2886 1290 2915 287.
1316 2882 1400 2913 Edit.
1425 2881 1513 2920 Tayl.
1530 2881 1627 2910 Isocr.
1651 2880 1692 2910 de

239 2928 373 2964 cibiade,
400 2941 490 2969 quem
521 2932 592 2962 vide
625 2931 656 2961 in
692 2931 783 2962 Nicia
815 2940 946 2969 quoque.
983 2929 1079 2967 Bigis.
1097 2928 1240 2970 'l‘hucyd-
1262 2927 1342 2966 Nep.
1366 2929 1398 2955 et
1421 2924 1577 2955 Plutarch.
1594 2923 1625 2954 in
1639 2923 1693 2954 Al-

239 2970 324 3001 Inter
337 2972 394 3002 hoc
410 2974 524 3005 bellum
540 2980 572 3010 et
586 2979 704 3015 captum
717 2975 838 3013 Trojam
855 2973 947 3003 inter·
981 2972 1094 3002 cibiad.
