1839 3229
192 188 299 236 222

190 306 221 336 in
249 306 454 346 praedicandis
480 308 630 347 majorum
654 308 744 338 factis
773 318 790 337 a
813 308 910 347 prima

191 350 288 389 stirpe
298 350 480 390 reipublicae
492 351 645 390 repetitis.
667 352 766 381 Locos
778 351 909 387 nobiles,

189 393 342 432 istiusque
364 404 486 423 ooronae
503 394 660 424 audientia
679 395 800 433 dignos,
817 400 847 424 et
862 395 909 423 in-

191 437 315 466 oulcatu
333 437 408 467 adeo
433 438 638 473 necessarios,
654 438 692 467 de
713 438 840 467 caritate
857 448 908 477 pa-

190 480 270 515 triae,
287 480 325 509 de
341 480 491 519 dignitate
508 480 632 510 virtutis
648 491 704 519 pro
723 480 823 519 patria
837 491 908 510 con—

189 523 346 553 tendentis
373 523 534 562 ipsamque
561 528 690 552 mortem
719 523 908 561 oppetentis,

190 567 229 596 de
245 566 432 596 excellentia
448 567 534 596 famae
549 565 688 595 honestis
704 566 822 595 artibus
839 576 908 604 par-

189 615 242 646 tae,
263 609 440 648 similesque
462 610 538 638 alios
559 609 645 638 locos
666 619 706 638 ex
731 609 908 647 hujusmodi

190 658 371 692 argumento
388 652 625 687 efflorescentes,
639 651 692 681 vix
708 652 907 691 perstringit3

190 697 302 735 quibus
319 696 350 725 in
366 695 443 725 locis
469 695 546 724 alius
568 699 671 724 orator
692 695 790 734 copiis
810 695 907 733 philo-

191 739 308 779 sophiae
320 739 487 768 instructus
497 737 693 767 exsultasset.
733 738 847 768 Verum
863 738 906 767 la-

189 783 299 812 borant
320 782 376 811 boc
398 781 486 816 vitio,
506 781 587 820 quod
613 781 700 810 nobis
716 781 840 820 quidem
863 782 908 811 vi-

190 826 266 856 tium
284 825 417 860 videtur,
426 834 486 854 non
498 824 608 863 Lysias
624 824 727 859 modo,
743 825 798 854 sed
815 825 907 854 etiam

191 868 428 903 Demosthenes,
452 867 618 907 caeterique
642 878 746 897 omnes
771 872 907 898 oratores

193 912 307 947 Graeei,
322 911 373 950 qui
397 910 552 940 orationes
576 912 727 949 ejusmodi
746 922 800 941 seu
823 911 906 941 fune-

191 955 263 985 bres
280 965 333 985 seu
349 954 553 994 panegyricas
562 954 831 995 conscripserunt:-
847 965 906 985 von

478 192 726 237 ΛΥΣΙΟὙ·
768 194 1130 238 ΕΠΙΤΑΦΙΟΣ
1171 210 1218 237 κ.
1249 211 1295 238 τ.
1324 201 1371 238 λ.

947 320 1050 340 errore
1069 310 1182 349 judicii
1208 310 1255 340 sui
1280 310 1420 350 decepti3
1444 308 1554 339 melius
1578 307 1659 339 enim

945 352 1089 383 videntur
1103 354 1286 392 eloquentiae
1303 364 1385 384 verae
1401 357 1554 393 praecepta
1569 353 1659 382 fines-

945 407 1004 435 que
1027 397 1170 431 novisse;
1194 407 1292 435 neque
1315 406 1354 426 ex
1377 397 1542 426 severitate
1560 396 1660 435 philo-

946 439 1075 478 sophica
1093 440 1266 479 judicandi,
1291 440 1345 469 sed
1372 440 1520 469 hactenus
1540 439 1659 469 ferendi

946 487 978 511 et
993 484 1175 519 excusandi,
1200 483 1282 522 quod
1305 483 1431 512 auribus
1452 493 1511 512 nou
1532 487 1660 521 possent

944 535 1003 555 non
1032 525 1148 555 servire
1173 526 1282 566 populi
1308 526 1389 562 vani,
1416 525 1538 555 laudum
1562 525 1658 564 avidi,

943 568 1128 608 participare
1142 580 1227 599 suam
1242 569 1382 599 inertiam
1394 573 1424 598 et
1434 568 1585 607 ignaviam
1599 568 1659 597 for-

944 611 987 640 tia
1004 614 1149 651 majorum
1164 613 1245 642 facta
1260 611 1476 648 existimantis,
1491 615 1543 640 aut
1556 611 1659 640 volen-

942 653 983 683 tis
1008 660 1102 690 certe,
1121 656 1221 687 minus
1245 660 1467 695 praeceptorum
1491 653 1659 683 subtilitate

943 701 1033 736 atque
1060 699 1221 737 jejunitate
1248 699 1366 734 doceri,
1387 709 1475 737 quam
1501 697 1659 736 exemplo-

942 750 1008 769 rum
1025 740 1147 780 ignibus
1164 743 1295 772 admotis
1308 743 1346 772 ad
1363 741 1504 771 virtutem
1522 740 1660 770 accendi.

942 783 1068 813 Nullum
1094 785 1293 824 adspernatur
1317 784 1438 823 sapiens
1466 784 1572 818 telum,
1599 793 1660 821 quo

942 825 1086 856 virtutem
1117 827 1317 857 dormientem
1348 827 1476 856 excitet.
1508 826 1576 864 ipsa
1607 836 1659 856 va-

941 868 1036 898 nitate
1053 870 1133 901 haud
1158 870 1341 910 dedignatur
1359 870 1389 899 in
1411 871 1481 900 loco
1497 869 1552 904 uti,
1571 869 1659 898 dum-

941 913 1033 942 modo
1049 918 1175 953 pungat,
1191 924 1300 953 eoque,
1317 923 1378 953 quo
1393 913 1470 950 vult,
1489 912 1659 952 perveniat.

942 956 1064 987 Rmsx.
