1819 3219
671 191 1006 234 PRAEFATIO.
1513 190 1566 229 27

173 302 287 348 Satis,
318 300 356 338 ni
382 299 505 345 fallor,
535 298 584 335 de
603 297 726 348 Lysia
742 296 960 346 Taylorano
980 295 1077 333 dixi.
1133 297 1280 342 Restat,
1302 302 1344 334 ut
1363 309 1450 345 quae
1471 308 1569 333 nova

121 368 345 402 ornamenta
364 361 413 398 de
431 372 519 398 meo
547 365 614 397 aut
643 358 681 395 in
710 358 784 395 hoc
814 358 980 407 primum
1007 357 1186 394 volumen
1208 357 1291 404 jam
1325 358 1566 402 contulerim,

120 430 188 463 aut
207 425 244 462 in
260 422 470 461 secundum
491 433 577 458 mox
598 420 666 457 sim
685 419 911 465 collaturus,
932 431 1134 469 exponam.
1183 418 1223 455 Si
1245 418 1329 467 quis
1350 419 1449 456 ullus
1468 419 1567 456 alius

121 492 259 526 auctor
271 485 436 522 Graecus
454 481 603 520 mendis
615 489 654 519 et
669 480 815 528 lacunis
835 481 984 520 obsitus
1001 487 1071 526 est,
1086 479 1222 531 Lysias
1235 486 1339 517 certe
1360 486 1418 517 est
1438 480 1567 517 miser-

122 547 216 586 rime
237 552 353 595 atque
374 544 686 594 desperatissime
707 542 955 592 depravatus.
1012 542 1066 580 Ut
1094 555 1211 592 penes
1232 541 1441 592 Taylorum
1459 543 1569 591 'pene

121 607 217 646 nihil
235 606 309 644 fuit
335 606 532 656 copiarum
554 604 602 642 ad
622 617 710 642 eum
731 603 1027 650 emendandum,
1056 603 1087 641 si
1108 606 1156 641 ab
1178 602 1213 652 ej
1223 615 1264 640 us
1288 608 1326 640 et
1347 602 1569 640 Marklandi

121 669 425 709 divinationibus
446 666 682 713 discesseris,
699 666 753 704 ita
770 680 888 716 penes
903 680 962 705 me
983 679 1136 715 quoque
1155 677 1358 716 perparum
1378 664 1451 701 fuit
1471 664 1569 714 opis,

121 731 228 781 quod
261 744 281 769 e
313 729 513 768 codicibus
548 728 660 766 Mstis
692 726 905 766 conferrem
938 742 960 765 a
991 741 1050 766 me
1080 726 1284 777 usurpatis.
1342 726 1391 763 Et
1421 725 1570 775 oppido

122 793 239 844 pauci
254 796 460 842 supersunt
478 789 604 841 Lysiae
625 790 783 828 codices
805 790 914 837 Msti,
936 797 988 834 et,
1010 795 1207 840 quotquot
1234 788 1283 826 ad
1305 787 1480 825 notitiam
1502 799 1570 824 no-

123 859 240 892 stram
260 858 528 903 pervenerunt,
547 851 821 890 contemnendi
837 858 925 890 sunt
945 864 1092 896 omnes,
1122 850 1256 888 iisdem
1275 849 1423 887 mendis
1444 848 1572 898 inqui-

123 915 215 960 nati,
231 913 378 952 lacunis
394 913 526 951 iisdem
548 913 679 960 hiulci,
700 919 742 951 ut
758 926 805 951 ex
824 925 901 950 uno
921 912 1124 950 videantur
1142 924 1273 950 ornnes
1293 924 1480 956 manasse,
1500 910 1573 947 mi-

125 989 207 1015 sere
229 975 412 1013 mendoso
432 980 550 1024 atque
569 974 721 1018 lacer0;
754 973 818 1022 qui
848 978 906 1010 est
926 972 1001 1018 ille,
1032 986 1135 1011 nunc
1156 972 1413 1018 Florentinus,
1440 971 1530 1008 olim
1551 984 1574 1009 a

125 1036 382 1075 Constantino
403 1035 562 1074 Lascari
582 1048 603 1072 e
624 1040 753 1073 monte
769 1033 875 1072 Atho
895 1033 1047 1080 allatus,
1069 1032 1169 1071 unde
1186 1032 1311 1070 Aldus
1331 1032 1475 1083 primus
1497 1032 1572 1082 Ly-

125 1097 221 1136 siam
239 1097 376 1136 edidit.
423 1097 532 1134 Nihil
559 1096 739 1146 equidem
766 1096 848 1147 ipse
877 1095 968 1133 mihi
997 1095 1045 1133 ad
1074 1095 1363 1134 contentionem
1389 1095 1463 1133 feci
1489 1095 1575 1133 reli-

124 1173 259 1209 quum,
288 1165 330 1197 ut
359 1159 475 1210 paulo
496 1158 587 1206 quid
621 1158 708 1208 p'lus
737 1157 914 1203 eniterer,
936 1170 1050 1205 quam
1079 1157 1261 1196 decessor
1280 1170 1413 1196 meus:
1444 1169 1575 1194 verum

125 1221 228 1262 haud
251 1220 452 1271 respondit
472 1232 654 1270 prospera
675 1219 828 1257 fortuna
857 1219 938 1270 spei
956 1219 1134 1268 votisque
1163 1220 1319 1268 nostris,
1342 1231 1575 1268 quamquam

126 1296 204 1321 non
228 1295 383 1333 prorsus
404 1295 463 1319 me
484 1281 668 1319 frustrata
687 1287 757 1319 est.
814 1281 948 1330 Magni
973 1280 1175 1318 faciendus
1196 1293 1273 1318 non
1294 1287 1355 1318 est
1373 1279 1577 1318 Coisliuia-

127 1357 213 1390 nus,
234 1351 273 1382 et
292 1344 412 1382 nihilo
432 1350 560 1381 tamen
575 1344 698 1380 minus
719 1357 764 1381 ex
785 1356 831 1380 eo
852 1343 974 1381 bonas
996 1343 1183 1380 lectiones
1203 1341 1307 1380 haud
1326 1354 1472 1391 paucas
1484 1341 1576 1379 sub-

127 1406 223 1457 legit
238 1406 382 1457 Taylor
402 1412 505 1451 ante,
526 1411 566 1443 et
584 1405 796 1443 secundum
817 1418 902 1442 eum
923 1418 995 1456 ego
1023 1404 1116 1442 alias
1136 1405 1267 1455 plures
1285 1404 1390 1442 illinc
1411 1403 1577 1453 sublegi.

128 1468 349 1506 Simillimus
369 1467 424 1504 illi
453 1472 513 1505 est
533 1467 863 1513 Vindobonensis,
895 1467 944 1505 de
974 1480 1053 1516 quo
1081 1467 1118 1504 in
1148 1468 1374 1504 continente
1401 1465 1578 1516 pluribus

127 1530 270 1581 dicam,
290 1529 508 1568 foedissimis
531 1529 680 1567 mendis
708 1530 897 1576 horridus,
918 1543 1042 1578 neque
1071 1529 1160 1567 ideo
1181 1535 1308 1567 tamen
1329 1527 1452 1566 minus
1472 1527 1582 1565 licuit

127 1592 231 1630 haud
253 1592 518 1642 poenitendum
552 1591 792 1642 spicilegium
816 1592 1002 1629 bonarum
1031 1591 1243 1629 lectionum
1273 1589 1362 1628 inde
1387 1589 1579 1627 exhibere.

130 1653 207 1691 Sed
228 1653 334 1703 prius
355 1653 403 1690 de
423 1652 561 1689 codice
574 1652 725 1690 Veneto
744 1654 879 1703 paucis
900 1660 957 1691 est
976 1652 1238 1690 indicandum.
1296 1653 1364 1689 Est
1380 1651 1417 1688 in
1438 1650 1581 1689 biblio-

130 1715 245 1754 theca
264 1715 302 1752 S.
324 1715 451 1751 Matci
473 1713 660 1758 Veneriis,
684 1714 720 1751 in
742 1714 864 1760 libris,
892 1714 956 1762 qui
987 1714 1077 1751 olim
1105 1713 1318 1751 Cardinalis
1341 1712 1580 1750 Bessarionis

130 1776 298 1821 fuerunt,
320 1775 444 1813 codex
460 1776 610 1825 Lysiae;
633 1787 654 1811 a
674 1789 751 1824 quo
772 1789 934 1826 sperans
950 1775 1034 1826 opis
1051 1788 1127 1813 non
1149 1775 1244 1812 nihil
1267 1774 1512 1824 impetratum
1534 1773 1582 1810 iri

131 1837 181 1876 ad
211 1837 456 1887 explendum,
486 1837 551 1884 qui
579 1836 799 1874 creberrimi
830 1837 947 1874 hodie
972 1837 1116 1876 suntin
1140 1836 1265 1887 Lysiae
1285 1835 1583 1885 exemplaribus,

131 1899 274 1944 hiatus,
305 1903 342 1936 et
371 1898 527 1937 mendas
557 1898 767 1935 teterrimas
793 1898 1012 1944 eluendum,
1039 1898 1131 1936 dedi
1151 1898 1278 1935 literas
1300 1896 1347 1934 ad
1370 1896 1582 1934 Antonium

132 1960 367 2006 Zanetfium,
389 1961 437 1997 V.
458 1960 519 2005 C.,
541 1959 594 1996 illi
616 1959 866 1997 bibliothecae
896 1960 1136 2010 praefectum,
1158 1972 1311 2009 rogans,
1333 1964 1376 1995 ut
1396 1957 1498 1994 illius
1517 1970 1583 1994 co—

131 2023 230 2061 dicis
257 2023 445 2061 lectiones
472 2021 629 2072 excerpi
658 2028 696 2059 et
718 2021 767 2059 ad
787 2035 848 2059 me
869 2023 969 2060 mitti
991 2027 1155 2060 curaret.
1214 2021 1284 2058 Ille
1305 2033 1395 2057 vero
1412 2018 1585 2056 Venetiis

135 2084 299 2134 negabat
327 2097 425 2130 esse,
461 2083 525 2131 qui
559 2082 797 2133 provinciam
825 2083 924 2120 illam
960 2088 1028 2120 aut
1058 2083 1154 2120 bene
1182 2094 1311 2132 gerere
1339 2085 1484 2125 nosset,
1517 2086 1585 2116 aut

135 2145 329 2196 suscipere
350 2145 478 2183 vellet.
534 2145 633 2182 Nam
656 2144 728 2181 sibi
749 2144 901 2192 quidem
923 2145 1042 2181 otium
1064 2143 1212 2181 deesse.
1269 2142 1426 2178 Interim
1443 2140 1585 2188 siquos

135 2212 329 2244 enotarem
346 2206 558 2255 singulares
580 2205 703 2252 locos,
717 2205 765 2242 de
783 2205 924 2254 quibus
938 2204 1087 2243 consuli
1103 2204 1280 2242 codicem
1297 2203 1491 2242 venetum
1508 2201 1584 2239 vel-

134 2268 221 2314 lem,
238 2280 278 2305 se
300 2280 456 2317 operam
474 2266 660 2304 hactenus
675 2267 768 2304 mihi
784 2267 975 2304 daturum.
1025 2265 1217 2304 Invitatus
1234 2278 1306 2316 ego
1323 2263 1587 2301 humanissimi

135 2329 207 2366 viri
229 2328 301 2365 hac
322 2327 617 2378 pollicitatione,
639 2327 721 2365 misi
748 2329 794 2366 ad
824 2341 909 2365 eum
938 2328 1156 2378 exemplum
1177 2326 1358 2365 editionis
1379 2325 1587 2375 Stephani-

134 2402 207 2435 cae,
225 2391 265 2427 in
280 2401 355 2436 quo
368 2389 475 2426 locos
495 2387 728 2426 difficiliores
745 2396 784 2427 et
800 2402 879 2439 prae
895 2389 978 2427 aliis
993 2389 1200 2427 mendosos
1220 2394 1455 2427 notaveram.
1511 2387 1588 2425 Re-

136 2450 239 2488 misit
266 2450 341 2487 hoc
372 2449 589 2500 exemplum
617 2449 820 2488 Zanettius
854 2451 929 2488 suis
967 2450 1280 2489 annotationibus
1309 2448 1587 2499 conscriptum,

137 2511 242 2549 unde
262 2510 492 2560 intelligens,
508 2509 598 2558 quid
618 2510 800 2548 lectionis
820 2511 907 2549 loco
923 2524 1074 2559 quoque
1094 2512 1132 2548 in
1151 2511 1289 2549 codice
1305 2511 1454 2549 Veneto
1470 2516 1588 2555 esset,

137 2585 214 2610 una
241 2572 413 2610 intellexi
442 2584 597 2620 quoque
627 2571 802 2609 codicem
824 2572 945 2617 illum,
968 2572 1039 2610 nisi
1063 2572 1282 2610 mendosior
1299 2573 1413 2611 etiam
1433 2572 1516 2609 aliis
1531 2577 1592 2609 est

138 2634 264 2685 Lysiae
284 2633 486 2672 codicibus
507 2633 649 2684 passim
670 2634 934 2684 prostantibus
954 2647 1024 2684 per
1044 2634 1212 2685 Europae
1242 2634 1513 2679 bibliothecas,
1533 2633 1590 2669 ni-

138 2695 218 2732 hilo
232 2695 411 2746 profecto
429 2708 513 2733 esse
533 2695 623 2741 illis,
642 2709 769 2746 neque
795 2695 1035 2733 emendatius
1063 2703 1277 2741 exaratum,
1298 2708 1423 2744 neque
1445 2694 1591 2744 plenio-

139 2769 233 2794 rem.
290 2757 450 2794 Factum
467 2756 522 2794 sic
542 2764 614 2806 est,
638 2763 678 2794 ut
698 2757 737 2794 in
754 2756 886 2794 libello
902 2757 1142 2795 variantium
1163 2758 1393 2795 Lectionum
1416 2755 1593 2792 codicem

140 2816 243 2855 hunc
263 2818 452 2855 Venetum
473 2831 583 2868 paene
604 2831 791 2866 nusquam
820 2818 993 2868 allegem,
1021 2819 1089 2869 qui
1118 2832 1230 2870 paene
1256 2818 1350 2855 nulli
1384 2816 1470 2854 usui
1501 2816 1592 2853 mihi

140 2877 267 2915 fuerit.
295 2899 298 2902 ⁴
324 2879 399 2916 Vix
419 2879 519 2916 enim
536 2879 654 2917 semel
674 2885 740 2917 aut
760 2880 817 2918 bis
835 2880 952 2930 paulo
975 2880 1170 2918 meliorem
1188 2879 1361 2917 exhibuit
1389 2878 1593 2916 lectionem

141 2939 309 2989 vulgata,
339 2947 378 2978 ct
408 2947 542 2979 contra
573 2942 798 2992 plerumque
836 2941 1016 2981 foediores
1049 2942 1162 2981 etiam
1195 2940 1448 2991 corruptelas,
1477 2954 1591 2989 quam
