1839 3229
227 198 283 238 36
771 197 961 239 LYSIAE
992 196 1152 251 V1TA.

223 304 325 355 perit
345 304 586 351 Aristoteles,
604 303 718 354 cujus
741 305 899 343 Rhetor.
921 304 996 344 111,
1011 310 1050 344 9.
1075 304 1158 342 haec
1179 308 1268 341 sunt
1287 302 1428 342 verba:
1464 303 1514 340 'H
1531 302 1600 354 μὲν
1612 301 1679 340 οὖν

224 365 393 418 εἰρημένη
406 369 503 412 λέξις
522 369 544 413 ἦ
563 370 708 418 ἀρχαῖα
727 368 841 406 ἐστίν.
899 366 1097 418 Ἡροδότου
1115 365 1275 417 Θουρίου
1288 365 1342 412 ἥδ’
1362 365 1523 417 ἱστορίης
1542 363 1678 402 α’πόδε-

223 428 316 474 ξις.*
371 429 445 467 His
482 430 660 468 omnibus
693 428 849 467 accedit
880 428 1139 466 testimonium
1172 426 1458 478 Inscriptionis‚
1490 440 1606 477 quam
1638 427 1677 464 in

225 490 412 530 honorem
434 491 628 530 Herodoti
643 491 877 529 elaboratam
899 496 1177 528 conservarunt
1192 489 1415 539 Stephanus
1436 488 1678 539 Byzantinus

226 557 266 590 et
287 569 352 607 σχ.
372 546 578 604 Ατίεῐορίι.
597 552 705 590 Nub.
725 555 816 590 331.

382 631 584 682 Ἡρόδοτον
603 630 730 678 Λῦξεω
751 631 897 681 κρύπτει
917 632 1017 674 κόνις
1035 631 1097 677 ἥδε
1116 632 1292 673 Θανόντα,

434 692 553 736 Ἰάδος
571 695 733 744 ἀρχαίης
754 692 932 742 ἱστορικῆς
949 695 1144 742 πρύτανιν,

384 755 550 804 Δωριέων
564 754 705 805 πάτρης
719 752 921 801 βλάστοντ’
941 755 1026 790 ἄπο·
1048 754 1112 792 τὸν
1133 757 1207 805 ’γὰρ
1223 753 1393 800 ἄπλητον

438 815 584 867 Μῶμον
602 817 896 867 ὑπεκπροφυγὼν
915 814 1074 866 Θούριον
1093 816 1185 866 ἔσχε
1201 819 1358 864 πάτρην.

223 892 499 944 Thucydidem
519 907 611 933 vero
638 894 805 946 Sybarin
836 893 1069 944 profectum,
1089 898 1128 931 et
1159 893 1314 943 quidem
1336 905 1424 931 cum
1446 891 1677 938 Xenoerito,

224 953 293 1004 qui
325 954 405 993 dux
438 960 520 994 erat
551 955 744 1000 Coloniae,
776 954 948 992 declarat
968 953 1043 992 vita
1063 953 1309 1004 Thucydidis
1344 953 1562 1001 ἀδέσποτος,
1592 952 1677 1003 ejus

224 1015 347 1054 Editt.
368 1015 519 1067 praefigi
539 1017 665 1056 solita.
714 1017 802 1072 Una
822 1029 979 1067 quoque
1001 1029 1090 1054 cum
1111 1015 1169 1054 his
1192 1015 1413 1067 profectum
1436 1015 1555 1054 fuisse
1584 1017 1677 1053 Em·

222 1077 427 1128 pedoclem
449 1078 724 1130 philosophum
748 1078 868 1117 tradit
889 1078 1063 1116 Laertius
1086 1078 1124 1116 in
1143 1078 1249 1116 Vita.
1283 1077 1356 1115 His
1376 1077 1492 1128 igitur
1512 1077 1677 1128 aliisque

222 1139 374 1178 colonis
394 1140 434 1178 in
454 1140 608 1180 Italiam
629 1140 817 1192 appulsis,
837 1147 877 1179 et
902 1154 999 1179 nova
1028 1140 1123 1179 urbe
1152 1140 1324 1186 condita,
1347 1153 1435 1190 quae
1457 1153 1479 1177 a
1496 1138 1602 1178 fonte
1622 1140 1678 1178 vi-

221 1203 311 1241 cino
331 1203 521 1242 Thurium
541 1204 770 1256 vocabatur,
790 1204 915 1255 primo
937 1203 1070 1242 civitas
1091 1203 1297 1241 discordiis
1318 1203 1468 1254 agitari,
1490 1216 1579 1241 mox
1599 1203 1678 1242 dis-

220 1266 396 1305 cessione
425 1266 530 1306 facta
559 1267 786 1305 obtruncari
817 1274 963 1304 veteres
985 1266 1193 1317 Sybaritae,
1221 1272 1262 1303 et
1281 1278 1428 1303 summa
1460 1278 1586 1303 rerum
1606 1278 1678 1316 po-

219 1328 297 1375 tiri,
319 1341 417 1379 quos
437 1329 583 1367 auxilio
603 1335 738 1367 contra
767 1329 957 1380 populum
987 1327 1195 1366 finitimum
1231 1339 1355 1377 nuper
1384 1326 1678 1365 arcessiveraut.

219 1390 280 1428 Ex
307 1403 354 1428 eo
386 1396 560 1442 tempore
588 1391 694 1429 Urbs
721 1404 800 1428 non
820 1391 1036 1435 Ἀττικίζειν
1065 1389 1181 1427 modo
1202 1388 1336 1440 coepit,
1357 1388 1423 1426 sed
1445 1387 1577 1427 Attica
1597 1395 1678 1426 tota

219 1452 324 1491 facta
344 1459 416 1492 est.
476 1454 668 1505 Populum
696 1454 733 1491 in
765 1459 823 1491 tot
855 1453 996 1491 Tribus
1026 1452 1288 1490 distinxerunt
1313 1452 1402 1489 novi
1430 1451 1617 1503 hospites,
1640 1451 1680 1489 in

219 1521 318 1566 quot
337 1515 443 1553 dorni
472 1528 512 1553 se
546 1514 667 1553 fuisse
701 1515 909 1554 distinctos
932 1514 1162 1552 meminere:
1198 1514 1298 1551 Tum
1329 1513 1497 1562 primum
1527 1514 1679 1565 galeata

219 1575 392 1623 Pallade,
412 1576 710 1615 Atheniensium
727 1577 816 1624 ritu,
837 1576 977 1628 signari
995 1589 1047 1614 aes
1067 1576 1317 1621 Thuriorum,
1333 1574 1549 1627 ceterisque
1567 1575 1678 1613 istius

217 1638 354 1689 populi
374 1638 558 1677 institutis
579 1645 618 1677 et
637 1639 843 1690 disciplina
862 1639 1122 1677 administrari
1143 1651 1242 1678 nova
1263 1638 1384 1689 Resp.

274 1700 338 1738 Ab
352 1700 601 1752 Olympiadis
616 1702 843 1748 LXXXIV,
865 1706 918 1747 1.,
935 1701 1002 1751 qui
1022 1707 1103 1739 erat
1123 1701 1250 1753 Lysiae
1267 1702 1393 1739 aetatis
1413 1700 1542 1750 XV1.‚
1557 1713 1679 1751 usque

222 1761 271 1800 ad
305 1762 436 1808 XCII,
474 1767 505 1801 l.
536 1775 658 1801 annos
685 1763 841 1800 omnino
877 1763 1099 1809 XXXII.,†
1132 1762 1170 1799 in
1208 1762 1371 1801 Colonia
1412 1763 1681 1801 commoraba-

219 1829 281 1861 tur
301 1823 449 1874 Lysias,
469 1826 752 1875 πολιτευόμενος
776 1825 817 1862 ἐν
850 1827 1004 1875 εὒπορίᾳ
1030 1826 1157 1878 πολλῇ
1184 1823 1318 1875 (verba
1349 1830 1437 1862 sunt
1460 1824 1678 1863 Auctorum

217 1884 297 1924 fere
326 1885 512 1930 omnium,
535 1885 603 1936 qui
633 1885 717 1935 ejus
750 1887 865 1923 vitam
894 1885 1015 1923 literis
1049 1884 1343 1936 consignarunt)
1376 1884 1608 1937 κτησάμενός
1640 1902 1690 1925 τε·

218 1953 339 1988 οἰκίαν
357 1951 416 1987 καὶ
435 1952 568 2001 κλήρου
598 1953 743 2004 λαχὼν,
774 1950 1007 2000 (Plutarch.)
1035 1962 1124 2000 quae
1158 1954 1353 1999 postrema
1374 1949 1492 1988 verba
1512 1950 1691 1995 fortasse

218 2011 416 2050 emendari
452 2012 598 2050 debent
629 2025 675 2049 ex
709 2011 851 2049 Photio
883 2010 1004 2049 οἰκίαν
1036 2027 1073 2049 τε
1107 2011 1580 2063 κατασκευασάμενος
1617 2015 1679 2051 καὶ

639 2074 685 2111 In
715 2086 759 2111 ea
793 2073 991 2111 mansione
1020 2072 1194 2124 Tisiamss
1227 2080 1267 2111 et
1299 2073 1455 2112 Niciam
1486 2074 1679 2114 Rhetoras

736 2135 1030 2174 Atheniensium
1062 2148 1154 2173 vero
1174 2135 1289 2174 rebus
1315 2135 1353 2174 in
1379 2135 1511 2174 Sicilia
1531 2135 1678 2185 fractis,

220 2075 385 2124 κλήρου
414 2076 580 2125 τυχῶν.

218 2136 485 2187 Syracusanos
519 2135 679 2174 audivit.

260 2237 280 2256 θ
293 2236 432 2277 Ἠςόδοτος
444 2236 456 2266 ὅ
466 2238 655 2277 συγγςιιφεὺς,
668 2235 693 2266 ὃν
708 2235 819 2277 iio-*regor
828 2235 933 2277 Θούξιον

218 2278 358 2310 ἐκάλεσαν
379 2279 424 2310 διὰ
447 2278 482 2310 τό
502 2282 656 2311 κοινωνῆσαι
676 2282 727 2313 τῆς
748 2280 785 2313 εἷς
809 2278 932 2320 Θουρίους

220 2322 363 2358 ἀποικίας.
377 2323 479 2353 Strab.
494 2323 515 2352 Ι.
534 2326 585 2354 14.
623 2323 656 2353 Εἴ
665 2335 706 2362 τῳ
721 2321 847 2356 ‘fx-mac&
862 2322 931 2353 Θού-

218 2377 271 2407 ςιος
286 2365 353 2396 εἶναι
368 2366 519 2403 λογοποιὸς
531 2366 612 2396 δοκεῖ.
655 2367 769 2397 Julian.
782 2366 811 2395 in
829 2366 930 2406 Epist.

262 2411 277 2440 †
294 2409 393 2440 Recte
420 2409 546 2445 Suidas,
569 2409 719 2440 Ἐκωεσῶν
744 2408 851 2439 ἐκεῖθεν
877 2407 932 2438 ἐτι-ν’

218 2449 405 2492 Ἀττικισμῷ
438 2451 595 2483 ἐπανῆλθεν
632 2451 660 2487 ἐς
697 2450 821 2487 Ἀθήνας.
855 2451 931 2489 ἄγων

219 2493 281 2528 ἔτος
309 2494 375 2536 μζ.
418 2495 509 2525 Unde
540 2495 662 2530 mirum,
692 2506 751 2533 quo
785 2500 930 2534 computo

218 2548 293 2567 usus
317 2538 358 2567 sit
379 2537 575 2574 Plutarchus,
594 2537 679 2578 κᾳῖκεῒ
697 2537 866 2577 διέμεινε-
879 2538 928 2568 ἔτη

218 2580 352 2619 ἐξήκοντα
370 2579 443 2620 τξία.
491 2581 682 2620 Longissime
705 2587 787 2611 certe
807 2592 824 2610 a
846 2592 931 2612 vero.

219 2623 351 2663 ἐξήκοντα.
372 2623 448 2663 legit
464 2625 618 2654 Plutarchi
634 2625 711 2654 cod.
729 2625 840 2654 Petav.
854 2625 930 2666 τςιίι-

218 2678 303 2696 κοντα
318 2665 382 2707 τςίοι
403 2667 569 2702 Meursius,
593 2672 623 2697 et
645 2667 777 2696 Palmer.
800 2667 931 2706 denique

219 2711 296 2741 ὥστε
313 2711 473 2750 τριάκοντα.
520 2711 661 2740 Fortasse
678 2711 775 2739 bonus
790 2710 929 2749 scriptor,

219 2754 273 2792 qui
290 2753 487 2783 Plutarchum
508 2752 666 2788 similavit,
686 2752 809 2786 dumfin
826 2753 929 2783 Fastis

218 2797 296 2826 duos
308 2796 422 2827 Callias
438 2795 545 2825 habuit
559 2795 748 2835 descriptos,
761 2806 862 2830 unum,
876 2797 928 2835 qui

219 2841 389 2870 Praeturam
414 2838 508 2877 gessit
529 2839 652 2878 Olymp.
671 2839 781 2874 XCII,
800 2842 827 2868 1.
851 2839 928 2878 (quo

218 2887 357 2922 tempore
374 2883 467 2912 rediit
482 2881 608 2921 Lysias)
622 2882 760 2917 alterum,
778 2882 828 2920 qui
845 2882 880 2917 C,
896 2884 925 2911 4.

217 2927 253 2955 ad
273 2927 349 2956 hanc
367 2936 463 2964 usque
480 2925 723 2965 supputationem
741 2925 928 2964 prorogavit,

218 2968 353 3008 adeoque
379 2969 483 3008 plures
507 2978 599 2998 annos
616 2968 742 2998 Auctori
760 2974 864 2998 nostro
879 2978 925 2997 as—

217 3011 351 3052 signavit
375 3021 391 3041 a
417 3012 540 3042 Thuriis
565 3011 743 3046 revertenti,
768 3021 854 3050 quarn
879 3012 925 3041 vi·

967 2237 1067 2266 vendo
1084 2242 1149 2267 erat
1164 2241 1333 2268 assecutus.
1377 2237 1493 2268 Verum
1509 2242 1541 2269 et
1563 2240 1680 2270 erravit

966 2290 1088 2320 quoque
1108 2279 1138 2309 in
1160 2280 1281 2310 nomine
1309 2281 1492 2311 Archontis:
1528 2281 1609 2312 Nam
1632 2283 1679 2312 di-

965 2323 1051 2353 xisse
1064 2333 1121 2353 uon
1133 2323 1240 2354 debuit
1253 2322 1304 2358 ἕως
1316 2324 1462 2365 Κλεάρχου
1476 2325 1526 2354 τοῦ
1539 2323 1680 2367 Ἀθήνῃσιν

965 2366 1108 2408 ἄρχοντος,
1133 2367 1187 2396 sed
1213 2366 1264 2400 ἕως
1283 2367 1510 2407 Κλεοκρίτου,
1536 2373 1569 2398 ut
1586 2369 1677 2399 modo

964 2410 1105 2439 dicturus
1128 2415 1188 2445 est,
1212 2409 1260 2441 ἐπὶ
1281 2407 1404 2440 Καλλίου
1424 2411 1474 2440 τοῦ
1493 2412 1576 2450 μετὰ,
1594 2411 1679 2442 Κλεό-

963 2463 1052 2493 κριτον
1062 2452 1206 2494 ἄρχοντος.

1008 2499 1022 2531 ss
1040 2496 1223 2535 Priusquam
1241 2495 1434 2534 Eloquentiae
1450 2495 1581 2527 lacertos
1602 2508 1675 2530 suos

964 2539 1061 2569 movit
1077 2538 1356 2583 Atintania-quibus
1378 2543 1477 2569 tamen
1501 2544 1532 2569 et
1554 2544 1624 2571 nata
1646 2546 1678 2572 et

964 2583 1025 2612 alta
1037 2593 1103 2612 esse
1120 2582 1265 2616 creditur,
1282 2581 1367 2611 Artis
1383 2581 1484 2619 istius,
1508 2583 1574 2613 sive
1592 2584 1676 2614 Rhe-

964 2625 1069 2655 toricae
1085 2625 1208 2664 proprie
1222 2624 1326 2660 diotae,
1346 2630 1503 2665 praecepta
1519 2626 1676 2657 invenisse

965 2673 996 2698 et
1006 2668 1176 2698 excoluisse
1188 2667 1330 2697 dicuntur
1339 2667 1447 2703 Siculi,
1457 2678 1582 2708 quorum
1594 2669 1675 2710 prin-

965 2721 1037 2751 ceps
1059 2710 1182 2740 exstitit
1197 2711 1415 2750 EmpedocleS,
1439 2711 1550 2741 deinde
1572 2712 1675 2743 floruit

964 2754 1065 2783 Corax
1077 2753 1223 2784 Hieronis
1233 2755 1270 2783 Τ.
1279 2753 1446 2790 familiaris,
1454 2754 1537 2784 circa
1546 2755 1673 2795 Olymp-

962 2796 1120 2826 LXXVI.
1170 2797 1266 2835 Cujus
1292 2795 1462 2834 discipulus
1480 2797 1580 2827 'Pisias
1602 2808 1673 2829 esse

962 2840 1069 2870 fertur.
1119 2840 1164 2868 De
1179 2839 1227 2869 his
1248 2843 1338 2878 atque
1352 2839 1425 2869 artis
1441 2839 1558 2880 origine
1572 2840 1673 2879 plura,

963 2883 1017 2911 sed
1055 2882 1168 2912 fabulis
1205 2882 1328 2917 similia,
1356 2883 1448 2911 habet
1485 2883 1686 2915 ScholiasteS-

962 2925 1169 2964 Hermogenis
1192 2925 1223 2955 in
1239 2925 1337 2955 initio.
1381 2929 1389 2941 ‘
1409 2925 1461 2955 Ait
1478 2926 1672 2963 Aristoteles,

962 2978 1043 3003 cum,
1060 2968 1187 2998 sublatis
1203 2969 1236 2998 in
1250 2968 1356 2998 Sicilia
1370 2968 1533 3007 Tyranuis,
1547 2979 1594 2999 res
1609 2970 1671 3011 pri-

961 3014 1039 3041 vatae
1072 3012 1163 3051 longo
1194 3011 1355 3041 intervallo
1389 3012 1517 3050 judiciis
1549 3017 1670 3053 repete²
