1793 3105
280 619 786 673 PRAEFATIO
856 618 1348 676 EDITORIS.

165 962 280 1009 JAM
321 962 522 1024 Lysiam,
562 962 726 1010 Lector
760 963 975 1017 candide,
1013 981 1124 1010 cura
1155 983 1257 1012 mea
1297 983 1529 1029 operaque

101 1053 146 1091 et
169 1045 321 1091 studio
344 1045 523 1092 editum
547 1045 718 1102 habes3
755 1053 1015 1108 memetque
1040 1047 1191 1109 ipsum
1218 1056 1261 1094 et
1286 1047 1528 1095 Oratorem

99 1127 299 1191 benigne
322 1135 489 1175 tractes
513 1144 645 1191 rogo.
686 1127 741 1173 Id
763 1145 819 1174 ne
844 1136 891 1173 tu
918 1128 1112 1186 mireris,
1137 1130 1175 1175 si
1194 1128 1529 1177 Demosthenes

100 1218 146 1257 et
166 1209 410 1257 AEschines
443 1211 598 1258 abdite
621 1210 852 1257 latuerint.
907 1210 1073 1257 Studia
1093 1229 1185 1258 non
1215 1212 1406 1260 deerant
1429 1213 1528 1259 vul-

100 1300 258 1355 gatum
281 1294 538 1355 poscentis:
578 1300 624 1340 at
646 1310 751 1340 vero
779 1293 942 1340 Plutus
978 1310 1032 1340 ac
1058 1292 1133 1339 lex
1167 1295 1367 1341 maxime
1391 1293 1529 1340 refra-

99 1374 340 1438 gabantur.
424 1375 517 1422 Sed
553 1376 675 1421 enim
712 1374 916 1438 reliquos
951 1374 1170 1422 Oratores
1202 1376 1399 1432 Atticos,
1437 1391 1531 1422 una

100 1473 206 1503 cum
234 1456 480 1520 Sophistis,
500 1475 615 1520 quos
640 1458 706 1504 sie
727 1465 908 1514 vocant,
930 1458 1125 1505 dixerim
1148 1474 1225 1503 sex
1248 1457 1353 1519 plus
1377 1458 1530 1503 minus

101 1539 350 1596 mensibus,
377 1539 480 1585 Deo
517 1548 760 1597 annuente,
798 1539 973 1602 populo
1009 1540 1186 1586 editum
1220 1539 1290 1594 iri,
1321 1538 1531 1586 confecto

102 1619 217 1666 mihi
241 1621 425 1667 tandem
456 1620 544 1667 hoc
574 1637 711 1683 opere
744 1620 1114 1667 laboriosissimo.
1186 1618 1262 1666 Ad
1287 1637 1382 1666 rem
1405 1637 1537 1667 acce-

103 1701 280 1748 damus.

167 1783 366 1831 Textum
390 1784 649 1831 doctissimi
684 1782 934 1839 Nostrates,
971 1781 1198 1845 Taylorus
1228 1790 1274 1829 et
1296 1782 1534 1830 Marklan-

103 1866 204 1923 dUS,
220 1866 496 1929 saepiuscule
516 1866 584 1928 (id
605 1867 651 1911 in
672 1865 1047 1912 annotationibus
1063 1864 1340 1927 plerumque
1363 1864 1535 1913 factum

102 1949 196 1994 suis
219 1948 356 1995 velim
389 1948 640 2011 intelligas)
663 1964 768 1994 vere
793 1946 1115 1993 emendabant.
1187 1947 1384 2010 Crepuit
1410 1965 1536 1994 more

104 2046 186 2076 suo
210 2030 438 2077 Reiskius.
511 2030 602 2076 Cui
627 2047 772 2092 quum
795 2028 1007 2075 nonnihil
1031 2045 1177 2075 essem
1202 2045 1430 2087 assensus,
1456 2030 1534 2076 de-

104 2113 227 2158 crevi
262 2111 350 2158 hoc
385 2111 597 2174 amplius,
632 2119 699 2170 ut,
735 2113 774 2157 si
808 2111 1048 2157 arbitrarer
1087 2110 1200 2156 utile
1243 2127 1361 2174 eque
1399 2110 1538 2173 Lysia

105 2210 216 2250 esse,
242 2194 301 2239 ad
336 2193 478 2240 fidem
498 2193 638 2240 MSS.
675 2201 721 2240 et
744 2193 847 2240 VV.
870 2193 976 2240 DD.
1013 2194 1380 2255 conjecturarum
1414 2192 1536 2239 Tex-

103 2282 200 2321 tum
236 2276 548 2339 redintegrare
586 2275 825 2322 deberem:
868 2284 913 2322 et
947 2292 1006 2322 ne
1040 2275 1192 2321 minus
1221 2274 1270 2321 id
1294 2275 1535 2322 commodo

103 2356 350 2414 literarum,
377 2358 453 2404 cui
483 2358 618 2404 unice
648 2358 905 2412 studebam,
931 2356 1155 2414 fecissem,
1181 2357 1229 2402 in
1252 2373 1536 2419 unaquaque

103 2439 275 2501 pagina
297 2438 553 2485 Varietates
577 2439 805 2486 Lectionis
833 2440 1088 2486 editionum
1111 2439 1152 2485 T
1155 2439 1313 2501 aylori‚
1340 2438 1534 2495 Reiskii,

105 2528 150 2566 et
166 2519 343 2583 Augeri
365 2538 598 2583 apponere
614 2539 624 2577 3
657 2529 708 2567 ut
729 2521 920 2568 cuilibet
950 2523 1030 2567 uni
1058 2538 1111 2568 ex
1144 2522 1214 2578 iis,
1241 2521 1323 2582 qui
1349 2519 1532 2582 Lysiam

107 2619 256 2648 meum
280 2603 546 2659 delibarent,
579 2603 626 2648 id
652 2612 832 2665 gratum
857 2610 995 2666 atque
1020 2604 1188 2666 volupe
1213 2609 1344 2649 esset.
1417 2601 1533 2648 Haec

106 2683 164 2729 de
186 2682 335 2729 Textu
357 2683 482 2730 dicta
505 2691 651 2729 sunto.

165 2763 329 2821 Porro,
354 2765 478 2827 quod
511 2765 568 2811 ad
594 2764 930 2812 Annotationes
964 2767 1137 2822 attinet,
1165 2766 1228 2811 sic
1252 2766 1426 2826 ubique
1449 2780 1531 2810 nos

108 2846 152 2890 in
178 2844 326 2893 officio
347 2848 585 2907 gessimus,
608 2855 656 2893 ut
676 2863 765 2904 eas,
786 2847 910 2894 unde
936 2849 1057 2895 unde
1077 2849 1331 2901 extricatas,
1351 2847 1397 2892 in
1418 2862 1526 2893 con-

803 2929 825 2970 l)
