1819 3219
266 176 302 214 vi

561 170 609 214 P.
633 171 684 213 P.
709 169 957 214 DOBREE
989 171 1380 214 ADVERSARIA

681 285 726 322 V.
741 285 851 336 ’Υπὲρ
873 286 1055 323 Καλλίου.
1079 288 1277 337 (μετοίκου)

307 371 500 406 Publicanus,
515 381 546 410 p.
563 374 636 407 103,
651 374 700 401 10.
719 371 742 400 si
758 376 840 401 recte
856 371 956 410 capio.

265 414 377 444 Forsan
393 414 450 443 fuit
465 425 541 443 unns
564 416 617 443 τῶν
636 412 788 452 ἐωνημένων
806 414 870 448 τοὺς
891 425 957 453 uag-

263 458 339 491 «τοὺς
360 459 413 486 τῶν
434 459 544 496 μοςιᾶν,
560 462 594 486 ut
619 456 669 485 isti
690 467 722 495 p.
745 459 818 490 108,
834 458 884 486 27.
910 458 957 487 vei

262 502 316 529 τῶν
331 499 506 537 ἐκλεγόντων,
520 504 608 538 atque
623 500 660 528 de
678 510 712 528 ea
727 509 759 528 re
771 499 854 529 venit
868 499 898 529 in
908 501 958 538 ju-

262 543 385 572 dicium.
406 543 496 580 Quod
519 542 559 571 ait
591 541 735 571 Reiskius
762 552 793 582 p.
821 544 893 572 185.
921 542 959 571 de

264 586 365 623 phrasi
385 585 446 624 περὶ
467 586 515 614 τοῦ
533 585 682 622 σώματος,
702 595 760 613 11011
778 595 871 624 usque
887 595 959 623 qua-

262 638 321 667 que
337 638 440 658 verum
457 631 512 657 est.
534 627 615 657 Vide
631 638 662 667 p.
677 629 810 664 11o,30.
827 630 975 662 115,52'7.‘

993 372 1113 402 Andoo.
1138 372 1234 412 Myst.
1260 383 1291 412 p.
1308 376 1338 409 1,
1359 375 1412 405 22.
1435 375 1488 409 14,
1504 374 1554 404 17.
1571 374 1623 409 16,
1640 375 1692 404 18.

991 416 1066 454 Lys.
1079 425 1110 454 p.
1128 417 1201 450 166,
1226 419 1277 446 11.
1297 416 1408 446 collato
1423 418 1477 446 13.
1493 427 1526 457 p.
1541 418 1616 452 167,
1636 417 1689 447 36.

992 458 1112 487 Hemst.
1129 458 1164 486 ad
1181 458 1264 488 Plut.
1278 468 1309 497 p.
1323 461 1396 490 360.

1025 499 1099 540 [83]
1115 501 1198 530 Nov.
1215 503 1309 531 1822.
1321 502 1385 542 (ed.
1402 501 1559 538 Bekkeri3
1573 499 1690 540 pag-iuae

992 542 1169 582 Stephani).
1199 544 1286 574 N.B.
1305 544 1358 574 uhi
1379 551 1476 580 taceo,
1498 543 1530 573 iu
1551 542 1690 574 Bekkeri

993 590 1079 615 textu
1095 585 1265 625 acquiesco.

721 719 790 756 VI.
819 719 964 756 Contra
983 718 1237 757 Andocidem.

307 805 481 835 Orationem
503 803 569 834 κατ’
580 802 729 834 Ἀνδοκίδου
744 815 801 833 non
819 814 884 833 esse
899 805 959 842 Ly-

266 847 320 878 siae
343 848 416 878 satis
431 849 547 886 liquet:
572 847 723 886 qua’ritur,
741 853 836 876 ulrum
854 857 959 876 revera

266 890 348 920 (licta
375 891 426 926 sit,
443 902 478 920 an
498 901 515 920 a
543 891 677 929 sophista
690 891 808 928 juniore
836 890 958 928 scripta.

266 933 342 963 Mihi
360 933 500 963 videntur
514 934 610 963 onmia
626 934 665 963 ita
681 944 697 962 a
713 934 812 972 Lysiae
837 932 957 970 ingenio

264 977 437 1012 abhorrere,
461 981 494 1006 ut
519 987 636 1014 negem,
661 976 837 1015 sophistam,
860 976 885 1005 si
909 986 958 1004 so-

264 1019 365 1058 phista
387 1019 438 1055 sit,
464 1030 530 1049 eum
555 1019 612 1048 sibi
639 1018 815 1048 imitandum
845 1028 957 1057 propo-

263 1061 370 1092 suisse.
438 1062 539 1101 Lysiae
579 1062 753 1100 abjudicant
793 1061 956 1090 orationem

264 1110 367 1134 contra
382 1104 568 1134 Andocidem
583 1105 743 1134 Ruhnken.
761 1104 842 1133 Hist.
859 1104 957 1133 Oratt.

263 1157 295 1185 p.
311 1149 363 1177 50.
387 1153 418 1177 et
441 1147 590 1176 Sluiterus
613 1147 699 1176 Lect.
721 1146 872 1176 Andocid.
890 1156 957 1184 cap.

264 1190 360 1220 VItI.
386 1190 468 1220 Nihil
496 1190 703 1229 suspicabatur
729 1190 956 1219 Valckenaerius

263 1232 334 1262 dum
363 1232 534 1262 adversaria
561 1243 613 1262 sua
644 1231 764 1273 (1756)
795 1231 956 1262 scribebat.

263 1275 353 1305 Falso
365 1275 490 1305 exhibet
501 1276 653 1305 Sluiterus
666 1276 731 1314 ejus
743 1276 835 1304 verba
845 1285 874 1313 p.
886 1277 957 1304 177.

261 1318 370 1357 Neque
385 1318 574 1354 Mitsordius,
590 1323 611 1347 t.
627 1318 658 1347 5.
674 1328 704 1357 p.
716 1320 790 1348 121.
806 1318 832 1346 si
847 1317 914 1356 quis
926 1317 955 1346 id

262 1366 358 1391 curat.
386 1362 458 1399 Ipse
482 1361 589 1390 dubito
619 1371 654 1390 311
677 1371 786 1390 revera
808 1360 891 1390 dicta
918 1360 957 1389 sit

261 1404 377 1442 orati03
402 1414 458 1433 non
480 1403 594 1443 Lysiae,
616 1403 675 1433 imo
695 1414 793 1442 neque
813 1403 957 1432 imitatori

263 1447 374 1485 Lysiae,
390 1447 576 1476 tribuendam
592 1457 670 1482 esse,
683 1457 739 1485 pro
763 1450 847 1476 certo
866 1456 956 1485 pono.

261 1489 405 1519 Breviter
425 1500 596 1529 percurram
622 1488 747 1519 Sluiteri
771 1493 956 1527 argumenta.

261 1531 288 1562 I.
305 1537 313 1549 ‘
327 1532 494 1569 Declamat,
514 1532 587 1562 nihil
615 1530 745 1570 probat?
790 1532 847 1560 Est
863 1531 955 1560 δευτε-

259 1574 380 1614 ρολογίοι,
414 1579 444 1605 01
479 1579 543 1605 tota
579 1575 735 1604 referenda
773 1575 810 1603 ad
835 1573 955 1612 αὔξησιν.

259 1622 269 1635 ‘
282 1619 391 1647 Omnia
426 1616 556 1648 miscet?
614 1618 773 1653 Consulto,
799 1616 829 1646 iu
865 1627 955 1647 causa

259 1661 348 1690 mala.
378 1665 387 1678 ¹
400 1661 540 1690 Narratio
556 1660 654 1690 alieno
670 1661 750 1696 loco,
767 1659 956 1694 brevissima,

260 1702 332 1732 etc.'
375 1703 471 1732 Nulla
490 1708 536 1733 est
556 1703 698 1738 narratio,
715 1703 764 1733 vel
782 1702 840 1732 fuit
856 1702 886 1731 in
901 1712 954 1731 ex-

260 1745 345 1775 ordio
360 1756 440 1775 nuno
454 1746 627 1785 deperdito,
644 1746 694 1775 vel
710 1745 809 1775 omnia
827 1755 894 1783 quae
917 1746 954 1774 ad

260 1788 465 1827 probationem
486 1789 683 1828 pertinebant,
703 1798 720 1816 a
737 1787 881 1826 Cephisio
904 1787 953 1816 vel

260 1831 326 1860 aliis
339 1835 422 1861 erant
434 1835 590 1870 occupata.
635 1830 722 1860 Idem
743 1831 856 1860 dictum
881 1835 954 1868 puta

258 1873 298 1904 de
313 1877 322 1891 ‘
335 1874 465 1913 legibus,
480 1873 707 1913 psephismatis,
721 1872 792 1902 etc.'
809 1871 884 1913 (uon
900 1883 955 1911 op-

259 1917 409 1956 posuerim
429 1917 529 1947 locum
555 1927 586 1955 p.
610 1918 684 1953 104,
711 1915 758 1953 5.)
785 1916 884 1944 Locus
916 1916 953 1945 de

258 1963 268 1976 ‘
282 1960 416 1989 vindicta
427 1957 554 1996 divina‚'
564 1959 710 1993 concedo,
723 1958 886 1998 sophistam
895 1969 953 1987 non

258 2002 423 2042 effugeret3
447 2003 500 2032 sed
512 2012 609 2041 neque
620 2012 723 2031 verum
737 2006 954 2035 accusatorem,

258 2055 353 2084 neque
368 2046 397 2075 in
409 2056 444 2075 eo
459 2046 627 2079 tractando,
642 2045 698 2074 etsi
714 2043 905 2082 longiuscule
921 2043 951 2073 id

255 2088 338 2123 facit,
350 2088 509 2128 quicquam
522 2088 645 2118 adhibet
659 2098 717 2125 quo
730 2087 859 2117 Atticum
871 2092 952 2116 certe

257 2131 368 2170 vulgus
388 2131 601 2161 offenderetur.
646 2131 784 2160 ‘Mentio
801 2128 953 2168 Diagorae'

256 2174 297 2202 nil
315 2174 411 2204 minus
427 2185 513 2213 quam
536 2172 702 2212 sophistica
718 2174 875 2214 (compara
892 2174 952 2211 Ly-

257 2216 332 2246 siam
357 2227 389 2256 p.
406 2219 478 2248 123.
492 2217 529 2245 de
550 2216 679 2245 ducibus
701 2216 739 2245 ad
754 2214 951 2254 Arginussas,

257 2259 433 2289 AEschinem
458 2271 485 2289 c.
498 2257 650 2289 Timarcb.
669 2269 699 2297 p.
723 2261 776 2294 24,
796 2260 848 2288 33.
864 2264 951 2297 Σωκξ.

257 2300 304 2331 τὸν
322 2303 458 2342 σοφία-τὶν
479 2320 521 2325 —
544 2302 703 2331 Demosth.
735 2301 773 2331 de
799 2300 949 2336 Arthmio‚

256 2343 354 2384 ctc.);
391 2345 483 2374 miror
510 2345 551 2374 nil
580 2345 698 2374 dixisse
728 2343 891 2374 Sluiterum
919 2354 948 2383 p.

258 2389 331 2418 188.
351 2388 388 2417 de
404 2388 566 2422 Batrache,
581 2389 654 2427 Lys.
674 2397 705 2426 p.
717 2389 851 2421 107‚10.
904 2387 949 2416 ΙΙ.

257 2429 396 2459 Errores.
411 2434 420 2447 ‘
433 2433 479 2460 De
492 2431 606 2460 Herma
619 2428 767 2470 πατρῴῳ]
791 2429 868 2458 Vide
883 2439 950 2458 mea

255 2473 292 2501 ad
324 2473 473 2503 Andocid.
502 2484 532 2511 p.
558 2475 611 2503 51.
649 2474 716 2502 ‘De
742 2482 832 2502 servo
860 2482 947 2510 quem

255 2507 352 2544 noluit
380 2515 554 2545 Andocides
578 2516 778 2554 torquendum
809 2512 948 2544 tradere?

254 2557 354 2587 Aoute
375 2558 496 2597 conjicit
519 2558 561 2586 Sl.
587 2568 617 2596 p.
638 2560 688 2588 65.
712 2558 787 2587 duas
806 2557 948 2587 historias

254 2600 427 2630 confudisse
442 2600 631 2639 scriptorem.
675 2602 855 2639 ‘Nunquam
871 2599 948 2629 mili-

254 2646 335 2672 tasse
363 2643 474 2672 dicitur
498 2642 699 2672 Andocides.'
741 2643 817 2672 Cum
846 2643 946 2671 Ruhn-

241 2682 343 2715 'kenio
357 2691 431 2724 puto
443 2685 630 2725 Thucydidis
645 2687 675 2715 Ι.
690 2687 742 2716 51.
757 2684 947 2715 Andocidem

238 2728 321 2758 'esse
346 2732 511 2764 oratorem3
547 2739 642 2767 neque
673 2729 769 2759 habeo
797 2727 879 2766 quod
900 2737 946 2756 re-

252 2771 427 2809 spondeam.
471 2775 478 2788 ‘
494 2772 630 2800 Devotus
646 2781 663 2799 a
678 2770 886 2800 sacerdotibus
903 2768 948 2798 di-

252 2813 351 2843 citur.’
399 2813 466 2844 Imo
484 2813 663 2843 veteratorie
688 2813 783 2842 innuit
808 2813 948 2851 scriptor,

253 2865 311 2884 non
326 2856 411 2885 dicit.
455 2856 591 2886 Oratoris
607 2857 698 2891 fraus,
725 2865 782 2884 non
802 2855 946 2893 sophistoe

253 2907 347 2927 error.
401 2899 483 2928 ‘Sibi
512 2898 690 2928 contradicit
723 2908 753 2936 p.
783 2900 855 2932 105,
884 2895 946 2926 18.’

252 2940 304 2968 Nil
332 2940 453 2978 minus3
484 2941 553 2971 vide
581 2952 627 2971 me
650 2941 687 2969 ad
713 2941 785 2979 Lys.
811 2950 841 2978 p.
876 2941 946 2969 107.

253 2987 262 2998 ’
274 2981 396 3018 Iterum,
413 2994 504 3022 quum
526 2985 614 3014 modo
635 2982 752 3014 dicatur
770 2982 945 3013 Andocides

993 804 1082 833 dives
1112 809 1143 834 et
1170 809 1291 844 potens,
1325 805 1414 835 modo
1444 815 1461 834 a
1492 805 1689 845 sycophantis

992 852 1122 876 vexatus
1145 852 1176 876 et
1206 848 1376 888 spoliatus.’
1421 849 1490 877 Hoc
1511 848 1604 877 miror
1625 847 1688 887 ipsi

994 890 1175 919 Ruhnkeuio
1200 892 1338 920 tenebras
1369 890 1525 920 offudisse.
1555 894 1582 920 1.
1605 890 1686 929 Quid

992 942 1029 961 ex
1046 932 1103 962 hoc
1119 932 1244 972 colligas
1260 934 1318 963 nisi
1335 934 1440 963 malam
1455 934 1545 963 fidem
1565 942 1687 963 accusa·

991 975 1084 1005 toris?
1109 979 1137 1007 Ξ.
1155 977 1243 1011 Vera,
1258 981 1308 1006 aut
1332 986 1424 1016 prope
1443 986 1523 1011 vera,
1539 985 1606 1005 esse
1622 976 1686 1005 haec

990 1022 1163 1057 potuerunt.
1186 1018 1335 1048 Attulerit
1351 1029 1452 1048 secum
1469 1028 1590 1058 magnas
1601 1027 1687 1057 opes,

991 1071 1063 1099 quas
1089 1061 1259 1091 attriverint
1285 1062 1489 1101 sycophantae,
1518 1061 1629 1091 vixerit
1653 1061 1684 1090 in

991 1103 1148 1142 periculis,
1164 1105 1311 1144 “agitans
1328 1104 1453 1141 multos,
1479 1114 1496 1133 a
1516 1103 1618 1134 multis
1640 1103 1685 1133 vi-

991 1146 1088 1175 cissim
1112 1145 1273 1185 agitatus.''
1305 1145 1502 1187 (Ruhnken.)
1523 1149 1554 1177 3.
1573 1148 1684 1182 Locus,

991 1199 1049 1227 quo
1066 1189 1211 1223 nituntur,
1232 1194 1279 1219 est
1296 1189 1441 1227 mutilus,
1464 1199 1571 1219 sensus
1588 1188 1685 1219 fuisse

991 1231 1122 1267 videtur,
1133 1233 1250 1262 divitias
1262 1231 1552 1272 ete.jactans.(1,ys.
1569 1242 1600 1270 p.
1613 1233 1685 1267 107,

991 1274 1062 1313 27.)
1078 1274 1140 1304 III.
1162 1275 1365 1304 ‘Locutiones
1391 1273 1589 1314 sophisticae.’
1612 1276 1685 1305 Cor-

991 1317 1074 1356 rupti
1107 1317 1178 1351 loci,
1205 1323 1333 1356 excepto
1361 1317 1524 1358 ἀείμνηστα
1552 1315 1685 1348 Ἀθηναῖοι

991 1360 1040 1389 vel
1065 1364 1095 1388 ut
1110 1359 1383 1397 Βο111101.Ἀ81ἶναι,
1401 1361 1439 1390 de
1459 1371 1519 1399 quo
1539 1360 1609 1401 ipso
1630 1360 1685 1389 du-

992 1403 1065 1432 bito.
1095 1403 1153 1433 IV.
1171 1404 1269 1441 ‘Quis
1293 1403 1455 1434 recitavit‘!
1479 1404 1548 1433 Non
1574 1401 1686 1441 Cephi-

991 1444 1078 1475 sius!
1115 1445 1268 1476 Concedo.
1305 1450 1313 1463 ‘
1326 1448 1397 1476 Non
1427 1446 1606 1485 Epichares,
1634 1445 1686 1483 qui

991 1488 1071 1517 dixit
1098 1499 1162 1525 quae
1188 1488 1236 1518 hic
1265 1499 1323 1518 non
1355 1487 1541 1528 loquuntur.'
1579 1488 1686 1518 Oratio

990 1531 1141 1561 lacunosa.
1166 1531 1252 1560 ‘Non
1275 1531 1419 1568 Meletus,
1435 1531 1487 1570 qui
1512 1531 1580 1570 ipse
1605 1540 1685 1560 00111-

989 1573 1145 1612 posuisset
1175 1573 1354 1609 orationem,
1379 1584 1438 1604 non
1465 1574 1564 1612 Lysiae
1594 1583 1686 1613 opera

989 1626 1062 1646 usus
1089 1616 1192 1646 esset.³
1237 1617 1296 1646 Sed
1320 1618 1383 1656 jam
1408 1617 1531 1656 Lysiam
1560 1616 1685 1646 missum

988 1659 1127 1691 fecimus.
1170 1658 1301 1694 Deinde,
1319 1670 1410 1698 quum
1426 1659 1508 1689 dicat
1524 1660 1635 1689 Orator
1655 1669 1685 1698 p.

990 1704 1062 1737 105,
1082 1702 1131 1732 fin.
1147 1701 1338 1732 Andocidem
1353 1702 1430 1732 duas
1448 1700 1566 1741 ἐνδείξεις
1579 1703 1685 1732 eodem

989 1749 1124 1783 tempore
1142 1745 1272 1774 subiisse
1285 1744 1367 1785 (nam
1382 1744 1502 1776 Reiskii
1519 1745 1685 1780 temeritas,

987 1785 1101 1826 ἐνιαυτῷ
1112 1787 1307 1823 intrudentis,
1316 1787 1435 1817 silentio
1446 1791 1492 1817 est
1501 1786 1686 1825 refutanda),

988 1829 1060 1867 quid
1087 1830 1110 1859 si
1138 1830 1338 1869 respondeam
1366 1829 1540 1859 continuato
1566 1829 1686 1868 judicio

988 1871 1089 1901 ambas
1103 1882 1208 1902 causas
1224 1883 1289 1902 0550
1304 1876 1470 1912 peroratas,
1483 1877 1514 1902 et
1525 1873 1603 1902 hanc
1618 1882 1685 1902 ora-

987 1914 1098 1944 tionem
1112 1926 1169 1945 non
1183 1926 1199 1945 a
1209 1915 1366 1954 Cephisio,
1379 1915 1431 1945 sed
1445 1915 1476 1944 iu
1492 1915 1586 1946 altera
1596 1925 1686 1945 causa

987 1957 1120 1987 dictam'!
1151 1959 1190 1988 V.
1207 1962 1216 1975 ‘
1229 1957 1331 1988 Dictio
1345 1958 1437 1987 habet
1449 1958 1574 1988 nitorem
1593 1968 1686 1998 quen-

986 2000 1054 2030 dam
1069 2001 1213 2037 sucatum‚
1230 2000 1300 2031 etc!
1324 2001 1423 2030 Velim
1436 2000 1528 2030 ullum
1540 2001 1663 2030 haberet
1677 2011 1683 2029 :

987 2049 1032 2072 est
1049 2043 1169 2082 quidem
1186 2045 1296 2083 loquax
1310 2049 1339 2073 et
1355 2043 1452 2073 inanis
1467 2043 1517 2073 hic
1533 2048 1683 2073 orator-*nt

986 2086 1085 2116 nullus
1109 2086 1245 2125 sophista
1265 2085 1379 2126 magis3
1412 2086 1467 2116 sed
1488 2085 1682 2126 negligentiae

985 2129 1087 2167 potius
1125 2140 1214 2169 quam
1244 2129 1447 2159 affectationis
1481 2129 1682 2158 accusandus.

985 2173 1041 2201 Vl.
1066 2173 1133 2202 ‘Ex
1162 2172 1324 2202 Andocide
1350 2171 1420 2211 ipso
1452 2171 1569 2202 efficta-⁹
1601 2172 1681 2206 Hoc,

984 2215 1092 2250 fateor,
1116 2216 1260 2245 ambabus
1288 2214 1474 2244 orationibus
1494 2224 1576 2254 saepe
1599 2224 1681 2244 com.—

984 2257 1108 2297 paratis,
1123 2269 1181 2287 non
1202 2257 1298 2288 ausim
1323 2267 1449 2296 prorsus
1472 2267 1604 2297 negare3
1627 2257 1682 2287 sed

982 2299 1013 2329 in
1035 2301 1087 2330 tali
1108 2306 1285 2339 argumento
1307 2310 1433 2330 necesse
1459 2304 1554 2330 estut
1577 2300 1680 2330 eadem

983 2343 1086 2373 multis
1100 2343 1221 2374 veniant
1236 2343 1265 2373 in
1281 2346 1423 2373 mentem.
1465 2342 1545 2372 Vide
1566 2342 1604 2372 ad
1621 2343 1679 2382 Ly-

984 2385 1058 2415 siam
1072 2396 1104 2425 p.
1121 2388 1170 2417 85.

1025 2429 1062 2458 P.
1077 2431 1149 2465 103,
1165 2428 1216 2459 ⁶25.
1231 2426 1312 2458 αὐτὸν
1325 2428 1421 2457 τοῦτον
1435 2425 1483 2467 ὑφ’
1497 2425 1599 2467 ἑτέρου.
1622 2427 1682 2457 Per

982 2481 1015 2501 se
1030 2471 1175 2512 optimum
1192 2469 1292 2510 Erigon,
1302 2474 1336 2499 ut
1345 2480 1375 2509 p.
1387 2472 1521 2505 104,19.
1543 2470 1601 2500 Sed
1613 2469 1681 2499 vide

981 2523 1017 2543 an
1032 2514 1093 2555 leg.
1108 2514 1217 2548 ἑαυτοῦ,
1238 2518 1270 2542 111
1294 2517 1483 2553 comparetur
1503 2512 1682 2542 Andocides

981 2567 1048 2586 cum
1065 2557 1177 2596 impiis,
1192 2554 1242 2595 qui
1260 2555 1291 2585 in
1306 2556 1435 2585 furorem
1452 2555 1512 2585 acti
1527 2565 1595 2584 sese
1611 2565 1682 2586 con-

981 2599 1097 2629 ficiunt:
1126 2609 1228 2628 eorum
1247 2598 1326 2628 enim
1349 2597 1531 2627 mentionem
1553 2608 1683 2636 praeccs·

982 2643 1060 2672 sisse
1075 2640 1230 2680 probabile
1244 2646 1302 2671 est.

1024 2686 1097 2719 103,
1113 2686 1166 2714 ‘26-
1194 2683 1350 2721 Optimum
1370 2682 1555 2717 κατελεῆσαι,
1574 2681 1682 2721 supple

980 2725 1013 2756 τὸ
1028 2728 1164 2766 orgium.
1181 2725 1411 2766 καταπροδοῦναι,
1427 2720 1683 2762 καταδιαλλοιγῆὑαι

981 2769 1096 2807 (Arist.
1111 2769 1208 2808 Vesp.
1225 2767 1338 2809 1275.)
1355 2773 1434 2797 nota.
1449 2766 1682 2808 καθομολογῆσ-αι

980 2811 1099 2841 Andoc.
1115 2821 1146 2850 p.
1159 2813 1188 2846 6,
1201 2812 1253 2841 37.

1023 2855 1097 2889 103,
1114 2855 1165 2884 ¹27.
1199 2854 1281 2891 Lege
1304 2852 1479 2892 τιμωρεῖτον.
1501 2850 1619 2892 ἐναργῶς
1644 2851 1683 2880 de

980 2895 1050 2932 diis,
1079 2895 1218 2934 AEschyl.
1240 2895 1334 2924 Theb.
1358 2898 1429 2925 140.
1451 2894 1550 2924 Arist.
1584 2893 1683 2932 Equit.

982 2941 1075 2968 1170.
1097 2938 1194 2968 Isocr.
1220 2936 1331 2968 Helen·
1351 2939 1403 2968 70.
1427 2937 1566 2975 Si'vulg.
1588 2947 1683 2974 τιμω-

979 2981 1048 3021 ρεῖτε
1069 2981 1193 3016 retines,
1209 2985 1305 3016 verte,
1320 2985 1484 3019 reputantes
1497 2988 1542 3010 vos
1561 2981 1683 3011 ‘maxime
