1839 3229
248 219 297 259 12
808 221 842 265 I.
873 220 1137 264 TAYLORI

242 325 430 374 homines,
454 331 533 366 tum
560 328 655 367 alios
684 329 893 380 plerosque
914 329 962 367 ad
984 327 1221 379 eloquentiae
1248 326 1553 378 eruditionisque
1572 328 1693 366 decus

241 387 405 427 evasisse
427 396 504 428 tam
525 391 648 441 probe
668 398 785 444 atque
807 392 929 429 indies
951 390 1070 441 magis
1097 403 1279 428 evasuros
1301 389 1427 429 video.
1483 390 1558 428 Sed
1581 390 1630 428 de
1648 391 1694 428 iis

242 449 429 489 hactenus
449 452 582 492 multa.
641 453 685 491 In
715 467 762 490 eo
787 459 914 491 autem
937 460 1108 491 veterum
1130 452 1362 503 scriptorum
1381 451 1584 502 naufragio
1602 452 1695 490 insi-

240 512 324 561 gnis
344 519 404 551 est
424 514 549 564 Lysiae
570 514 747 552 oratoris
777 515 961 565 procella.
1018 515 1056 552 Is
1079 515 1176 553 enim
1199 514 1407 552 Orationes
1427 518 1518 552 425.
1540 514 1694 565 scripti-

240 578 343 612 tasse
371 573 510 619 fertur3
544 589 706 626 quarum
727 580 806 614 230
826 576 1038 627 Dionysius
1058 577 1320 627 Caeciliusque
1341 576 1579 614 indubitatas
1595 576 1695 614 illius

240 634 482 674 existimant:
514 637 674 687 reliquae
696 651 785 675 vero
813 638 1026 675 creduntur
1044 638 1288 676 adulterinae.
1345 637 1466 675 Hisce
1496 643 1622 675 autern
1654 638 1693 675 in

242 697 422 735 omnibus
444 697 499 735 bis
520 698 721 746 duntaxat,
742 706 781 737 et
801 698 840 737 id
868 700 920 737 ob
941 699 1214 749 malignitatem
1236 713 1364 738 causae
1392 713 1480 738 eum
1500 701 1694 738 succubu-

239 757 314 795 isse
335 758 566 798 Plutarchus
587 761 717 800 refert.
757 762 926 812 Scripsit
945 767 983 798 et
1002 761 1230 800 Rhetoricas
1246 768 1349 800 artes
1369 768 1410 799 et
1429 761 1638 799 conciones
1653 767 1694 800 et

237 818 480 859 laudationes
512 828 552 860 et
581 822 783 872 epistolas:
816 822 1090 872 orationesque
1124 828 1204 860 tum
1233 823 1451 870 amatorias,
1479 829 1560 861 tum
1581 822 1691 862 fune-

239 881 341 927 bres,
363 895 409 920 ac
435 883 607 922 Socratis
636 884 914 923 defensionem.
973 885 1031 921 Ex
1052 884 1123 921 hac
1147 890 1274 922 autern
1296 892 1401 923 tanta
1421 898 1575 923 suorum
1597 886 1692 923 scri-

236 948 392 992 ptorum
424 944 671 983 multitudine
692 946 753 983 vix
771 950 835 985 35.
855 946 1048 984 orationes
1069 951 1239 984 exstant:
1270 947 1419 997 reliqua
1446 960 1537 985 vero
1563 948 1691 985 omnia

236 1006 402 1054 periere.
460 1007 616 1050 Quanta
636 1008 668 1045 is
688 1021 777 1045 vero
797 1008 953 1046 dicendi
972 1008 1185 1046 luculentia
1204 1007 1486 1059 majestateque
1506 1008 1691 1056 floruerit,

237 1066 310 1103 etsi
330 1066 473 1105 Cicero
494 1068 677 1119 princeps
698 1069 943 1120 Eloquentiae
964 1076 1003 1107 et
1023 1070 1183 1120 optimae
1201 1069 1342 1108 nullius
1362 1083 1497 1121 expers
1517 1071 1690 1122 discipli-

235 1140 296 1166 uae
331 1129 505 1179 plurimis
538 1130 577 1168 in
607 1131 704 1169 locis
738 1131 974 1178 disseruerit,
1004 1145 1049 1170 ac
1078 1145 1147 1169 nos
1176 1131 1340 1170 fortasse
1369 1132 1596 1183 propediem
1615 1133 1692 1171 alio

236 1190 407 1240 quodam
439 1192 477 1229 in
508 1192 595 1230 loco
621 1194 864 1231 commodius
893 1194 1106 1244 exposituri
1136 1207 1281 1242 summ,
1310 1194 1348 1232 id
1378 1200 1504 1232 tamen
1534 1195 1691 1233 abunde

234 1252 411 1304 dignosci
430 1261 560 1305 potest
580 1269 627 1293 ex
653 1270 698 1294 ea
717 1256 872 1295 funebri
894 1256 1081 1301 oratione,
1104 1269 1192 1306 quae
1213 1255 1263 1294 ab
1284 1256 1358 1294 hoc
1379 1256 1466 1307 ipso
1486 1256 1600 1308 Lysia
1619 1270 1691 1308 pro

234 1314 279 1352 iis
311 1315 417 1353 edita
450 1322 545 1363 erat,
584 1317 650 1367 qui
681 1318 867 1356 adversus
904 1318 1220 1356 Lacedaemonios
1256 1317 1469 1356 Corinthiis
1507 1319 1690 1357 auxilium

235 1376 403 1415 ferentes
428 1384 517 1427 post
538 1379 672 1416 urbem
694 1383 745 1418 30
765 1380 1034 1430 Tyrannorum
1057 1380 1223 1418 solutam
1242 1380 1357 1431 jugo,
1387 1380 1478 1418 forti
1503 1386 1543 1418 et
1568 1381 1691 1419 atroci

232 1439 369 1488 praelio
389 1440 647 1478 Athenienses
669 1440 860 1479 interiere.
902 1442 1015 1480 Hanc
1031 1442 1061 1479 si
1082 1442 1391 1492 frequentissime
1411 1448 1524 1479 antea
1545 1444 1688 1482 Graece

230 1500 478 1547 lectitaveris,
498 1515 600 1540 nunc
629 1502 807 1540 Latinam
835 1516 857 1540 a
885 1503 999 1540 nobis
1026 1502 1181 1548 factam,
1213 1509 1257 1541 ut
1285 1509 1325 1541 et
1355 1503 1490 1540 Latine
1510 1503 1628 1554 legas,
1649 1510 1689 1542 et

231 1563 371 1601 ceteris
390 1563 591 1614 legendam
612 1564 695 1612 des,
715 1570 753 1603 te
772 1565 1021 1603 vehementer
1041 1565 1174 1616 rogo.'’

442 1681 467 1699 “
489 1679 826 1718 FRANCISCUS
849 1679 1188 1717 PHILELPHUS
1210 1678 1314 1718 Clar.
1337 1679 1471 1729 Equiti

549 1741 819 1779 PALLANTI
842 1740 1088 1786 STROZAE,
1111 1740 1191 1778 Sal.
1212 1739 1262 1777 D.
1280 1738 1358 1789 p1.”

284 1823 312 1840 “
334 1819 458 1857 Fuere
479 1821 654 1858 nonnulli
675 1828 714 1859 et
739 1821 953 1872 prudentes
972 1827 1011 1858 et
1031 1820 1139 1858 docti
1159 1819 1242 1864 viri,
1263 1820 1577 1869 praestantissime
1597 1820 1683 1858 Pal-

227 1879 298 1925 las,
329 1881 396 1931 qui
426 1881 524 1919 inter
553 1883 679 1934 Lysiae
708 1882 885 1921 Oratoris
914 1882 1165 1932 Platonisque
1191 1880 1419 1930 Philosophi
1440 1881 1580 1932 scripta
1603 1895 1683 1920 ma-

227 1941 327 1979 xime
348 1941 532 1982 interesse
547 1944 797 1994 judicarent:
828 1944 935 1995 quod
952 1943 1238 1994 propemodum
1259 1943 1322 1981 alii
1343 1943 1515 1993 quidem,
1532 1944 1621 1982 item
1643 1950 1683 1982 et

225 2001 298 2052 ipsi
311 2003 484 2043 homines
501 2005 605 2044 hand
623 2006 811 2056 vulgares,
827 2005 926 2043 inter
943 2006 1244 2043 Demosthenem
1254 2005 1561 2056 Ciceronemque
1574 2006 1681 2044 volu-

224 2078 300 2104 ere.
357 2066 457 2104 Nam
489 2068 578 2106 huic
610 2068 704 2106 nihil
732 2068 872 2118 adjici:
904 2068 958 2106 illi
984 2067 1136 2106 detrahi
1167 2067 1262 2104 nihil
1295 2081 1424 2118 posse,
1450 2068 1544 2118 quid
1577 2069 1679 2107 aliud

223 2139 309 2165 esse
328 2127 549 2175 dixerimus,
573 2143 690 2180 quam
711 2131 771 2168 vel
790 2130 828 2168 id
850 2130 956 2180 quod
978 2129 1151 2167 Platonis
1172 2142 1255 2167 esse
1276 2129 1480 2176 cernimus,
1500 2130 1677 2168 eximiam

225 2190 420 2239 quandam
441 2197 481 2228 et
506 2198 804 2243 exsuperantem
835 2192 992 2230 dicendi
1018 2191 1182 2241 copiam,
1202 2191 1261 2228 vel
1284 2191 1530 2229 emendatum
1551 2193 1679 2244 Lysiae

222 2256 342 2301 atque
370 2252 565 2291 elimatum
592 2254 937 2304 gravissimumque
959 2253 1158 2291 Orationis
1189 2251 1324 2290 filum?
1380 2253 1497 2297 Quod
1521 2254 1678 2304 quidem

223 2312 532 2352 acutissimorum
566 2315 762 2353 hominum
789 2315 997 2365 judicium,
1031 2327 1150 2365 quum
1186 2327 1338 2365 semper
1364 2315 1521 2353 maximi
1550 2315 1678 2355 facere

224 2386 514 2421 consueveram,
541 2382 621 2414 tum
647 2390 739 2414 vero
767 2384 1019 2427 posteaquam
1047 2377 1210 2414 Graecas
1230 2375 1377 2414 Literas
1397 2376 1676 2426 degustassem‚

221 2435 432 2474 admiratus
452 2450 535 2474 sum
555 2438 668 2483 adeo,
692 2445 734 2476 ut
754 2439 817 2476 vix
838 2439 1048 2488 quicquam
1073 2444 1141 2476 aut
1163 2438 1288 2476 verius
1316 2444 1384 2475 aut
1410 2437 1588 2477 subtilius
1610 2439 1679 2489 ju-

222 2496 394 2535 dicatum
415 2498 680 2537 existimarim.
736 2500 838 2537 Nam
869 2507 912 2538 ut
940 2499 1111 2550 reliquos
1139 2513 1242 2538 nunc
1270 2498 1477 2546 omiserim,
1508 2501 1602 2551 quid
1626 2502 1676 2541 de

225 2558 342 2609 Lysia
370 2558 456 2609 ipso
485 2559 643 2597 dicam?
672 2560 786 2610 cujus
815 2561 1040 2612 peregregia
1069 2560 1225 2600 dicendi
1258 2560 1439 2610 quaedam
1468 2561 1676 2613 divinaque

221 2620 426 2670 elegantia,
448 2621 636 2671 castigata
657 2622 798 2669 verbis,
825 2624 1022 2661 sententiis
1041 2623 1213 2669 affinem,
1242 2628 1390 2661 tantum
1412 2623 1461 2663 de
1481 2637 1521 2662 se
1541 2632 1675 2676 stupo-

220 2695 300 2720 rem
320 2681 645 2732 splendoremque
665 2683 881 2734 legentibus
902 2685 1053 2734 ingerit,
1074 2690 1115 2722 ut
1134 2684 1237 2722 hunc
1256 2684 1435 2735 profecto
1455 2699 1542 2724 eum
1562 2687 1674 2726 fateri

220 2749 413 2793 oporteat,
430 2743 497 2794 qui
513 2757 610 2781 unus
631 2743 815 2794 imprimis
834 2745 933 2783 inter
950 2747 1116 2783 Graecos
1135 2745 1278 2795 primas
1294 2746 1528 2796 eloquentiae
1543 2754 1674 2799 partes

220 2811 362 2843 teneat.
419 2804 497 2842 Hic
527 2812 586 2843 est
616 2805 680 2842 ille
715 2806 850 2856 Lysias
881 2821 902 2844 e
930 2806 1042 2855 cujus
1072 2807 1335 2845 disertissimis
1361 2808 1616 2861 orationibus,
1642 2811 1672 2848 si

219 2867 323 2917 quod
347 2866 580 2905 subtraxeris
601 2867 776 2916 verbum,
808 2874 846 2905 et
875 2868 913 2905 id
935 2868 1138 2906 commode
1158 2868 1308 2914 feceris,
1337 2869 1385 2907 de
1415 2882 1561 2908 summa
1581 2872 1672 2909 sub-

217 2928 377 2965 traxisse
405 2927 519 2978 plane
549 2941 753 2980 appareas.
812 2929 947 2979 Usque
974 2930 1073 2967 adeo
1100 2930 1151 2967 ab
1181 2944 1227 2967 eo
1251 2937 1338 2968 sunt
1356 2931 1485 2968 onmia
1505 2932 1671 2972 mirabili

215 2988 383 3038 quodam
405 3003 554 3040 suoque
576 2988 739 3029 artificio
760 2997 798 3029 et
819 2990 954 3029 ordine
989 2991 1206 3038 lucubrata,
1237 2991 1357 3038 dicta,
1393 2993 1533 3043 posita,
1562 2995 1669 3032 colli-
