1819 3219
565 176 900 220 LECTIONES
934 176 1219 219 LYSIACAE.
1544 179 1620 222 131

169 286 205 319 in
226 283 489 318 commentariis
502 285 546 318 ad
564 285 724 321 Herodis
737 287 775 319 et
792 285 946 328 Regillae
961 285 1087 318 uxoris
1101 284 1349 328 inscriptiones
1363 286 1468 320 latuit
1483 287 1621 321 medela

168 342 242 372 tam
258 337 371 371 facilis
387 340 424 371 et
438 339 622 382 expedita.
672 340 801 384 Neque
819 340 914 374 enim
942 340 990 374 illi
1020 339 1194 375 assentior
1219 340 1419 374 adfirmanti
1445 343 1618 384 quasdam

165 391 281 435 gentis
298 402 403 435 posse
420 392 557 437 duplex
576 404 719 437 gamma
733 396 805 436 (vel
826 395 1077 439 adspirationis
1092 394 1232 437 notam)
1249 397 1289 428 ut
1304 395 1459 438 simplex
1473 406 1619 438 gamma

164 447 222 479 vel
238 457 387 481 exarare
402 448 460 481 vel
473 459 521 482 ex
540 460 601 482 ore
618 449 783 493 proferre.
833 449 980 484 Accidit
996 450 1063 484 hoc
1089 450 1325 494 proculdubio
1344 461 1390 484 ex
1408 453 1617 494 corruptela
1637 451 1700 480 703

162 500 307 536 Codicis
339 502 574 545 Hesychiani.
639 505 682 538 In
710 505 838 538 ceteris
866 505 1152 549 Lexicograpliis
1190 505 1294 538 istius
1338 506 1615 540 consuetudinis

162 556 300 590 nullum
318 556 521 600 vestigium,
539 557 666 591 Photio
693 561 793 601 puta,
825 562 861 590 ct
886 560 1012 599 Suida,
1039 563 1107 592 etc.
1158 559 1275 592 Nemo
1301 562 1467 602 superest
1492 562 1619 604 praeter

162 609 419 651 Phavorinum,
456 610 518 655 qui
544 612 850 655 corruptissimum
875 616 1056 646 auctorem
1086 612 1310 656 Hesychium
1342 614 1546 657 descripsit,
1581 618 1619 648 et

161 666 311 709 proinde
343 665 584 708 Hesychianae
603 666 809 699 auctoritati
836 666 921 699 nibil
949 665 1147 710 quidquam
1180 668 1348 711 ponderis
1375 668 1532 712 adjicere
1561 670 1619 703 vel

161 723 283 766 potest
299 721 354 755 vel
372 722 492 755 debet.
545 721 684 755 Verum
703 733 774 756 non
793 723 927 766 ubique
946 721 1065 762 velim,
1097 725 1136 754 ut
1160 723 1222 755 tali
1242 723 1423 756 medicina
1443 727 1620 759 mactetur

161 777 380 821 Hesychius.
401 778 404 782 ⁴
431 776 632 821 Descripsit
661 778 720 811 ille
739 777 903 810 nimirum
925 777 1139 809 Homericas
1156 776 1333 810 dictiones
1352 778 1397 810 ad
1417 789 1525 811 unam
1545 779 1620 814 fere

159 832 288 874 omnis,
307 841 350 864 ea
367 833 490 864 autem
508 831 660 873 incuria,
687 835 728 864 ut
754 831 946 875 aliquando
974 829 1179 873 particulas,
1199 830 1331 874 quibus
1349 834 1467 864 scatet
1485 834 1619 867 πολυώ-

159 900 264 931 νυμος
282 886 340 919 ille
359 886 524 930 scriptor,
540 885 843 920 inconsultissime
862 884 1027 930 sequenti
1046 884 1220 917 vocabulo
1239 885 1488 928 agglutinaret.
1528 887 1620 921 Inde

158 939 189 974 si
204 940 404 985 scripsisset
423 941 604 974 Homerus
630 942 661 986 γ’
689 939 774 984 οἶδα,
802 940 957 985 proclive
986 939 1053 972 suit
1081 939 1360 984 Lexicographo
1384 944 1503 974 nostro
1521 943 1621 976 Γοῖόα

158 995 293 1029 exinde
311 995 509 1039 procudere
524 995 636 1039 (quod
655 999 775 1028 tamen
803 994 936 1036 nescio,
965 1004 1038 1037 quo
1063 1004 1193 1034 errore,
1220 1005 1318 1027 error
1347 995 1448 1028 enim
1465 1006 1619 1031 errorem

157 1050 285 1094 gignit,
303 1060 365 1094 per
384 1051 442 1083 οὐκ
460 1047 534 1083 οἶδα
552 1048 824 1094 interpretatur)
841 1050 868 1082 si
887 1049 917 1093 γ’
932 1050 1015 1087 ἔτος,
1033 1048 1143 1089 Γέτος,
1195 1048 1287 1081 Inde
1307 1050 1356 1091 fit,
1374 1050 1470 1093 quod
1486 1052 1540 1084 tot
1556 1061 1620 1085 vo-

158 1115 219 1138 ces
237 1103 276 1138 in
294 1110 332 1146 A,
352 1105 387 1137 in
405 1109 444 1146 Θ,
460 1104 494 1137 in
512 1110 537 1138 T
554 1107 591 1137 et
612 1110 637 1138 P
657 1105 892 1148 reperiantur,
911 1114 992 1147 quae
1021 1102 1226 1136 Homericis
1244 1103 1282 1145 δ’,
1303 1105 1344 1147 Θ’,
1364 1106 1391 1138 τ’
1410 1107 1445 1137 et
1462 1104 1494 1149 ῥ’
1510 1105 1619 1149 origi-

156 1170 240 1193 nem
257 1159 402 1194 debent.
451 1160 594 1201 Δαιάζω,
612 1160 769 1202 ὰναβοῶ,
797 1159 944 1196 στενάζω
970 1158 1174 1201 exponitur,
1200 1158 1327 1191 eodem
1347 1159 1453 1192 inodo
1470 1171 1542 1204 quo
1561 1162 1619 1194 Αἱ-

156 1215 235 1252 ἁζω.
285 1214 416 1257 Neque
433 1214 561 1247 eodem
582 1214 688 1247 modo
705 1216 938 1257 exponuntur
958 1214 1068 1252 Αἰάζω
1087 1215 1123 1247 et
1140 1214 1272 1251 Δαιάζω
1291 1214 1422 1256 solum,
1442 1225 1565 1248 verum
1583 1219 1620 1249 et

154 1269 295 1307 Ἀδαῒζω
312 1279 470 1313 quoque.
521 1267 699 1311 Ejusdem
715 1268 903 1302 commatis
920 1271 974 1301 est
991 1270 1040 1302 ἀό
1051 1283 1064 1302 ε
1075 1270 1121 1307 άζ
1133 1283 1197 1310 ων,
1215 1270 1389 1312 ἀναβοῶν,
1404 1270 1616 1304 ἀναστενῶν.

155 1323 255 1357 Hinc
272 1334 418 1368 quoque
436 1322 632 1367 exponitur
650 1324 748 1368 δίψα
760 1339 780 1365 ι,
797 1325 941 1368 βλάψαι.
993 1324 1131 1358 Natum
1150 1327 1206 1358 est
1231 1324 1448 1358 vocabulum
1465 1336 1510 1358 cx
1528 1325 1618 1359 locis

154 1378 307 1412 Homeri
323 1379 506 1412 nonnullis
529 1379 623 1412 male
649 1379 763 1413 lectis.
814 1378 1034 1423 Ubicunque
1052 1379 1148 1413 enim
1175 1379 1332 1413 occurrit
1344 1380 1453 1422 Ἵψαι,
1470 1390 1616 1424 semper

153 1433 364 1477 particulam
378 1434 404 1467 δ’
418 1445 439 1467 a
455 1435 556 1476 tergo
569 1434 753 1477 sequitur,
769 1436 810 1467 ut
827 1434 871 1467 ΙΙ.
890 1439 931 1467 A.
950 1437 1030 1467 454.
1050 1437 1086 1467 et
1105 1440 1146 1468 Π.
1163 1437 1243 1468 237.

464 1489 614 1532 Τιμήσας
629 1491 690 1533 μὲν
707 1491 772 1533 ἐμὲ,
785 1489 871 1533 μέγα
885 1489 911 1521 δ’
927 1488 1028 1532 ἰ’ψαο
1041 1490 1129 1524 λαὸν
1141 1491 1304 1533 Ἀχαιῶν.

155 1536 192 1568 et
209 1540 247 1569 Β.
260 1538 340 1569 193.

405 1583 480 1614 Νῦν
499 1585 561 1626 μὲν
575 1585 764 1626 mantissa«,
784 1584 874 1626 τάχα
893 1583 918 1615 ὂ
933 1581 1188 1626 'imperandae'
1192 1589 1344 1627 Αχαιῶν.

156 1635 217 1669 Ex
231 1635 336 1668 simili
356 1633 505 1669 fortasse
522 1635 619 1669 fonte
638 1638 827 1675 Θολκάξει
850 1639 1093 1681 χαλιναγωγεῖ.
1113 1648 1165 1670 se.
1183 1639 1210 1670 0'
1229 1639 1372 1676 ὁλκάζὲι.
1425 1638 1521 1672 Nam
1551 1638 1616 1672 ino

153 1690 315 1731 Ολκάζει,
338 1690 434 1730 ἕλκει,
451 1692 690 1735 χαλιναγωγεῖ
718 1691 810 1724 Inde
824 1694 1032 1734 portentum
1051 1691 1215 1725 lectionis
1246 1693 1504 1737 Θαστρεύεσθαι,
1531 1694 1617 1728 ἀνα·

152 1745 363 1787 βάλλεσθαι;
388 1745 486 1789 quod
511 1744 584 1787 Tu,
604 1745 719 1778 amice
736 1746 860 1787 lector,
878 1756 926 1779 ex
943 1746 1093 1779 Homer.
1111 1745 1218 1780 Iliad.
1239 1753 1276 1780 O.
1294 1750 1376 1781 512.
1395 1748 1616 1791 procurabis,

484 1809 527 1841 Ἢ
546 1809 585 1849 δῆ
602 1803 938 1852 θαστρεύγεσθαι
962 1811 999 1841 ἐν
1015 1811 1096 1853 αἰνῇ
1113 1810 1274 1850 δηϊοτῆτι.

153 1869 273 1912 Adde,
291 1871 319 1904 si
332 1870 444 1913 lubet,
464 1874 527 1904 aut
543 1871 662 1904 minus
680 1870 849 1914 probasse
867 1871 1001 1911 videar,
1016 1863 1240 1914 Hesychium
1257 1872 1292 1904 in
1317 1873 1361 1905 Ἢ
1391 1873 1477 1913 δῆθα
1497 1875 1614 1917 στρεύ-

153 1927 268 1969 γεσθαι
283 1927 320 1959 et
338 1925 371 1958 in
388 1926 603 1970 Στρεύγομαι.
653 1925 810 1968 Arrepta
833 1925 902 1959 hac
916 1925 1105 1958 occasione
1123 1925 1316 1959 emendare
1333 1937 1406 1959 non
1423 1929 1460 1961 te
1477 1927 1614 1971 pigebit

151 1980 457 2024 corruptissimam
483 1981 638 2023 glossam
670 1981 966 2025 Στρανγγεύει,
993 1980 1180 2023 διαβάλλει,
1209 1983 1268 2014 οὐκ
1295 1983 1391 2021 εὐθὺς
1420 1983 1609 2027 πορεύεται.

152 2035 280 2068 Potius
305 2034 451 2068 omnino
479 2036 746 2080 Στραγγεύει,
777 2036 1027 2078 ἀναβάλλει,
1045 2036 1103 2068 οὐκ
1121 2037 1221 2075 εὐθὺς
1237 2037 1425 2080 πορεύεται.
1476 2037 1612 2071 Similis

152 2089 226 2122 fere
244 2099 339 2122 error
356 2089 534 2133 aliquibus
546 2089 686 2122 voculis
704 2089 875 2122 articulos
890 2100 973 2123 suos
985 2088 1172 2132 adjunxit,
1186 2092 1227 2124 ut
1243 2091 1263 2130 ἡ
1274 2091 1315 2124 δό
1326 2105 1375 2124 κω
1386 2104 1449 2130 σις
1467 2092 1611 2136 ὴστέγηε

153 2143 462 2188 quemadmodum
480 2146 517 2177 et
533 2147 629 2177 reete
646 2145 682 2178 in
700 2150 726 2178 Δ
744 2145 996 2189 iuterpretatur
1012 2145 1158 2185 ὂόκωσις.
1208 2145 1266 2179 Ita
1282 2145 1319 2179 in
1346 2145 1532 2190 Hesychio
1559 2147 1612 2180 Ie-

153 2198 271 2242 gimus
287 2199 323 2231 in
350 2204 386 2232 Ο.
411 2199 630 2243 Ὀδειμάλεος,
646 2200 828 2242 Ὀδοίοπος,
845 2200 868 2233 i.
888 2211 919 2233 e.
939 2201 1115 2244 Δειμάλεος
1133 2203 1170 2233 et
1187 2202 1324 2241 Δίοπος.
1370 2200 1431 2234 Ita
1446 2201 1610 2246 Ὀδέγμην

153 2254 364 2298 προσεδόκων
389 2248 614 2296 neem-rigas
641 2265 725 2287 cum
752 2255 885 2288 Guieto
912 2256 1089 2299 Ἐὂὲγμην,
1118 2254 1180 2288 scd
1212 2266 1296 2288 cum
1316 2256 1388 2288 viro
1407 2256 1545 2289 (1οοὶοὸ
1563 2257 1612 2305 3}-

153 2322 258 2352 γμην,
275 2308 314 2340 id
327 2307 420 2352 qztocl
431 2307 633 2352 exspectavi.
681 2309 862 2342 Notabilis
879 2313 934 2343 est
949 2321 1045 2343 error
1058 2311 1186 2352 glossas
1203 2312 1315 2350 ὁόαῖος
1331 2313 1447 2355 ὀλίγος
1463 2331 1508 2336 —-
1526 2314 1613 2358 πρά-

154 2376 259 2407 σιμος,
283 2363 428 2403 ὠνὴτης.
479 2362 596 2395 Recte
613 2363 759 2397 fortasse
777 2366 942 2409 πράσιμος
967 2368 1003 2397 et
1032 2367 1176 2406 ὼνὴτης,
1194 2369 1235 2398 ut
1252 2377 1359 2409 Supra
1375 2366 1411 2399 in
1427 2368 1561 2400 Ὁδαῖον
1575 2370 1613 2400 et
1638 2383 1646 2391 ·

150 2418 302 2451 Ὀδαίων.
352 2417 505 2458 Ὀὂαὶων,
523 2419 644 2451 ὠνίων.
671 2419 789 2459 ὁόῆσαι
805 2422 869 2463 γὰρ
888 2423 924 2453 τὸ
941 2421 1145 2460 ὠνήσασθαι.
1196 2420 1247 2454 At
1264 2421 1445 2465 quomodo
1463 2428 1525 2455 aut
1538 2433 1612 2468 qua

151 2472 320 2505 machina
336 2475 390 2505 est
405 2473 540 2516 ὀλίγοςῗ
592 2473 735 2517 Nempe
754 2485 815 2518 pro
833 2475 944 2514 ὁόαἴος
959 2474 1158 2507 substituas
1172 2476 1208 2508 ‘O
1225 2479 1360 2517 Βαιὸς,
1388 2480 1424 2510 et
1444 2477 1612 2511 consulas

155 2526 306 2567 Βᾳιὸνίὶ]
325 2537 389 2559 suo
407 2527 496 2560 loco.
547 2526 647 2560 Infra
673 2528 825 2571 legimus
850 2529 1140 2574 Ὀπροστ-ρόπιιιος
1165 2531 1182 2563 ὁ
1200 2532 1431 2575 ἀποστρέφων.
1482 2532 1537 2564 Τι]
1555 2532 1612 2565 fac

153 2583 293 2616 dividas
309 2583 345 2616 ‘O
364 2584 631 2627 Προστρόπαιος.
684 2583 828 2617 Deinde
854 2585 1106 2626 ΤηαλέσΘην,
1127 2588 1191 2626 τὴν
1209 2589 1357 2630 ἅμαξαν.
1407 2587 1507 2629 Lege
1533 2590 1610 2628 τὴν

154 2637 347 2678 ἀλέσθην.
397 2638 515 2681 Supra
533 2637 629 2670 enim
646 2640 842 2683 Τῇάλέσθῃ,
861 2643 903 2684 τῇ
915 2640 1039 2685 ἁμάξῃ.
1072 2639 1121 2673 Ut
1138 2640 1182 2673 ad
1200 2641 1417 2675 AEolismum
1436 2643 1606 2682 revertar,

154 2694 192 2725 et
215 2695 383 2733 monstra,
401 2703 484 2736 quae
503 2694 660 2736 peperit;
686 2694 868 2736 digamma
886 2695 981 2727 istud
1000 2696 1167 2739 quamvis
1192 2696 1228 2729 in
1247 2707 1352 2729 suum
1371 2697 1524 2739 simplex
1543 2695 1611 2728 fre-

155 2745 402 2790 quentissime,
421 2746 618 2792 aliquando
636 2751 758 2782 tamen
775 2749 810 2782 in
829 2754 866 2791 T,
893 2749 990 2791 quod
1008 2749 1117 2783 etiam
1145 2751 1300 2794 proclive
1318 2750 1397 2791 fuit,
1415 2750 1611 2792 degenera—

155 2800 216 2833 vit.
263 2801 356 2834 Nam
375 2802 501 2846 Τέπτα,
517 2803 605 2836 ἑπτὰ
619 2804 823 2846 exponitur,
841 2803 868 2837 i.
888 2814 921 2837 e.
940 2803 1070 2837 Ρεπτά.
1087 2807 1136 2845 et,
1149 2805 1245 2849 quod
1264 2807 1319 2837 est
1336 2804 1612 2844 lucidissimum,

155 2858 359 2896 Τενεκοῦντι,
376 2857 568 2890 ἐνοικοῦντι.
587 2858 730 2896 Αἰολεῖς.
782 2857 957 2892 Adducor
974 2859 1157 2903 equidem,
1172 2862 1213 2892 ut
1230 2859 1374 2893 credam
1393 2859 1429 2891 in
1445 2858 1612 2892 dictioni-

155 2909 223 2942 bus
246 2909 410 2952 AEolicis‚
434 2911 560 2954 quales
586 2913 713 2945 multae
743 2912 840 2956 apud
874 2914 1074 2947 Homerum
1092 2916 1141 2948 *et
1171 2914 1339 2958 antiquos
1362 2913 1545 2956 leguntur,
1563 2913 1613 2947 ibi

157 2973 296 3007 semper
313 2963 384 2998 fere
400 2964 437 2998 in
451 2976 631 3000 concursu
646 2966 825 3000 vocalium
844 2967 888 3000 ad
904 2967 1042 3003 hiatum
1060 2968 1318 3002 declinandum
1335 2977 1460 3001 eorum
1475 2967 1613 3012 digam-
