<?xml version="1.0" encoding="UTF-8"?>
<!DOCTYPE html PUBLIC "-//W3C//DTD XHTML 1.0 Transitional//EN"
    "http://www.w3.org/TR/xhtml1/DTD/xhtml1-transitional.dtd">
<html xmlns="http://www.w3.org/1999/xhtml" xml:lang="en" lang="en">
 <head>
  <title>
</title>
<meta http-equiv="Content-Type" content="text/html;charset=utf-8" />
  <meta name='ocr-system' content='tesseract 3.04.00' />
  <meta name='ocr-capabilities' content='ocr_page ocr_carea ocr_par ocr_line ocrx_word'/>
</head>
<body>
  <div class='ocr_page' id='page_1' title='image "./oratoresatticie02dobs/oratoresatticie02dobs_0104.png"; bbox 0 0 1839 3229; ppageno 0'>
   <div class='ocr_carea' id='block_1_1' title="bbox 252 189 1712 834">
    <p class='ocr_par' dir='ltr' id='par_1_1' title="bbox 258 189 1478 355">
     <span class='ocr_line' id='line_1_1' title="bbox 263 189 1279 252; baseline 0.008 -8"><span class='ocrx_word' id='word_1_1' title='bbox 263 193 335 245; x_wconf 75' lang='lat'>62</span> <span class='ocrx_word' id='word_1_2' title='bbox 465 189 485 211; x_wconf 59' lang='lat'>“³</span> <span class='ocrx_word' id='word_1_3' title='bbox 703 204 1021 251; x_wconf 73' lang='grc' dir='ltr'><strong>ΛΤΣΙΟΥ</strong></span> <span class='ocrx_word' id='word_1_4' title='bbox 1069 208 1279 252; x_wconf 78' lang='grc' dir='ltr'>ΒΙΟΣ.</span> 
     </span>
     <span class='ocr_line' id='line_1_2' title="bbox 258 313 1478 355; baseline 0.007 -27"><span class='ocrx_word' id='word_1_5' title='bbox 258 313 286 355; x_wconf 80' lang='grc' dir='ltr'>λ</span> <span class='ocrx_word' id='word_1_6' title='bbox 300 315 314 329; x_wconf 80' lang='grc' dir='ltr'><em>Ι</em></span> <span class='ocrx_word' id='word_1_7' title='bbox 486 317 497 329; x_wconf 54' lang='lat' dir='ltr'>N</span> <span class='ocrx_word' id='word_1_8' title='bbox 559 315 571 329; x_wconf 53' lang='grc' dir='ltr'>ἱ</span> <span class='ocrx_word' id='word_1_9' title='bbox 641 314 663 333; x_wconf 71' lang='grc' dir='ltr'>Ι,</span> <span class='ocrx_word' id='word_1_10' title='bbox 713 315 730 331; x_wconf 67' lang='grc' dir='ltr'><em>Ἰ</em></span> <span class='ocrx_word' id='word_1_11' title='bbox 918 325 935 334; x_wconf 65' lang='grc' dir='ltr'>..ο</span> <span class='ocrx_word' id='word_1_12' title='bbox 1157 321 1169 335; x_wconf 80' lang='grc' dir='ltr'><em>Ι</em></span> <span class='ocrx_word' id='word_1_13' title='bbox 1318 320 1328 336; x_wconf 71' lang='grc'><strong>)</strong></span> <span class='ocrx_word' id='word_1_14' title='bbox 1462 323 1478 332; x_wconf 71' lang='lat'>&#39;¹&#39;</span> 
     </span>
    </p>

    <p class='ocr_par' dir='ltr' id='par_1_2' title="bbox 255 318 1712 574">
     <span class='ocr_line' id='line_1_3' title="bbox 289 318 1710 377; baseline 0.009 -22"><span class='ocrx_word' id='word_1_15' title='bbox 289 332 416 369; x_wconf 85' lang='grc' dir='ltr'>ογων,</span> <span class='ocrx_word' id='word_1_16' title='bbox 437 333 500 357; x_wconf 90' lang='grc' dir='ltr'>και</span> <span class='ocrx_word' id='word_1_17' title='bbox 520 333 575 369; x_wconf 90' lang='grc' dir='ltr'>μα</span> <span class='ocrx_word' id='word_1_18' title='bbox 598 320 650 358; x_wconf 94' lang='grc' dir='ltr'>Δι</span> <span class='ocrx_word' id='word_1_19' title='bbox 684 334 843 374; x_wconf 86' lang='grc' dir='ltr'>ουτοιγε</span> <span class='ocrx_word' id='word_1_20' title='bbox 870 337 958 368; x_wconf 90' lang='grc' dir='ltr'>ταις</span> <span class='ocrx_word' id='word_1_21' title='bbox 987 318 1261 375; x_wconf 73' lang='grc' dir='ltr'>φαυλοτάταις</span> <span class='ocrx_word' id='word_1_22' title='bbox 1294 319 1525 377; x_wconf 71' lang='grc' dir='ltr'>ευὸοκιμων.</span> <span class='ocrx_word' id='word_1_23' title='bbox 1560 328 1639 367; x_wconf 83' lang='grc' dir='ltr'>τίνι</span> <span class='ocrx_word' id='word_1_24' title='bbox 1668 323 1710 368; x_wconf 74' lang='grc' dir='ltr'>δὲ</span> 
     </span>
     <span class='ocr_line' id='line_1_4' title="bbox 256 380 1712 441; baseline 0.009 -21"><span class='ocrx_word' id='word_1_25' title='bbox 256 380 444 436; x_wconf 78' lang='grc' dir='ltr'>κέχρηται</span> <span class='ocrx_word' id='word_1_26' title='bbox 464 386 683 436; x_wconf 78' lang='grc' dir='ltr'>χαρακτῆρι</span> <span class='ocrx_word' id='word_1_27' title='bbox 704 380 862 437; x_wconf 89' lang='grc' dir='ltr'>λόγων,</span> <span class='ocrx_word' id='word_1_28' title='bbox 885 387 948 426; x_wconf 86' lang='grc' dir='ltr'>καὶ</span> <span class='ocrx_word' id='word_1_29' title='bbox 971 387 1085 433; x_wconf 87' lang='grc' dir='ltr'>τίνας</span> <span class='ocrx_word' id='word_1_30' title='bbox 1113 384 1258 441; x_wconf 83' lang='grc' dir='ltr'>ἀρετὰς</span> <span class='ocrx_word' id='word_1_31' title='bbox 1279 388 1552 438; x_wconf 79' lang='grc' dir='ltr'>εἰσενήνεκται,</span> <span class='ocrx_word' id='word_1_32' title='bbox 1572 393 1651 433; x_wconf 85' lang='grc' dir='ltr'>τίνι</span> <span class='ocrx_word' id='word_1_33' title='bbox 1669 408 1712 433; x_wconf 87' lang='grc' dir='ltr'>τε</span> 
     </span>
     <span class='ocr_line' id='line_1_5' title="bbox 255 443 1710 511; baseline 0.008 -26"><span class='ocrx_word' id='word_1_34' title='bbox 255 443 444 500; x_wconf 77' lang='grc' dir='ltr'>κρείττων</span> <span class='ocrx_word' id='word_1_35' title='bbox 464 447 546 487; x_wconf 78' lang='grc' dir='ltr'>ἐστὶ</span> <span class='ocrx_word' id='word_1_36' title='bbox 566 447 649 488; x_wconf 78' lang='grc' dir='ltr'>τῶν</span> <span class='ocrx_word' id='word_1_37' title='bbox 670 446 752 500; x_wconf 84' lang='grc' dir='ltr'>μετ’</span> <span class='ocrx_word' id='word_1_38' title='bbox 773 448 898 490; x_wconf 81' lang='grc' dir='ltr'>αὐτὸν</span> <span class='ocrx_word' id='word_1_39' title='bbox 926 448 1207 503; x_wconf 79' lang='grc' dir='ltr'>ἀκμασάντων,</span> <span class='ocrx_word' id='word_1_40' title='bbox 1230 455 1294 493; x_wconf 83' lang='grc' dir='ltr'>καὶ</span> <span class='ocrx_word' id='word_1_41' title='bbox 1315 457 1370 500; x_wconf 86' lang='grc' dir='ltr'>πῆ</span> <span class='ocrx_word' id='word_1_42' title='bbox 1391 451 1710 511; x_wconf 70' lang='grc' dir='ltr'>καταδεέστερος,</span> 
     </span>
     <span class='ocr_line' id='line_1_6' title="bbox 255 508 1596 574; baseline 0.005 -23"><span class='ocrx_word' id='word_1_43' title='bbox 255 513 318 552; x_wconf 85' lang='grc' dir='ltr'>καὶ</span> <span class='ocrx_word' id='word_1_44' title='bbox 337 512 376 552; x_wconf 91' lang='grc' dir='ltr'>τί</span> <span class='ocrx_word' id='word_1_45' title='bbox 395 508 453 552; x_wconf 74' lang='grc' dir='ltr'>δεῖ</span> <span class='ocrx_word' id='word_1_46' title='bbox 467 509 699 566; x_wconf 79' lang='grc' dir='ltr'>λαμβάνειν</span> <span class='ocrx_word' id='word_1_47' title='bbox 720 511 815 567; x_wconf 76' lang='grc' dir='ltr'>παρ’</span> <span class='ocrx_word' id='word_1_48' title='bbox 837 513 975 563; x_wconf 80' lang='grc' dir='ltr'>αὐτοῦ,</span> <span class='ocrx_word' id='word_1_49' title='bbox 997 518 1072 557; x_wconf 84' lang='grc' dir='ltr'>νῦν</span> <span class='ocrx_word' id='word_1_50' title='bbox 1091 513 1167 564; x_wconf 72' lang='grc' dir='ltr'>ἤδη</span> <span class='ocrx_word' id='word_1_51' title='bbox 1187 516 1428 572; x_wconf 85' lang='grc' dir='ltr'>πειράσομαι</span> <span class='ocrx_word' id='word_1_52' title='bbox 1446 515 1596 574; x_wconf 78' lang='grc' dir='ltr'>λέγειν.</span> 
     </span>
    </p>

    <p class='ocr_par' dir='ltr' id='par_1_3' title="bbox 252 574 1712 834">
     <span class='ocr_line' id='line_1_7' title="bbox 309 574 1712 640; baseline 0.007 -24"><span class='ocrx_word' id='word_1_53' title='bbox 309 574 371 631; x_wconf 80' lang='grc' dir='ltr'>β’.</span> <span class='ocrx_word' id='word_1_54' title='bbox 405 577 602 632; x_wconf 60' lang='grc' dir='ltr'>Καθαρός</span> <span class='ocrx_word' id='word_1_55' title='bbox 619 578 701 618; x_wconf 76' lang='grc' dir='ltr'>ἐστι</span> <span class='ocrx_word' id='word_1_56' title='bbox 721 579 796 627; x_wconf 89' lang='grc' dir='ltr'>τὴν</span> <span class='ocrx_word' id='word_1_57' title='bbox 817 578 1026 633; x_wconf 79' lang='grc' dir='ltr'>ἑρμηνείαν</span> <span class='ocrx_word' id='word_1_58' title='bbox 1052 581 1176 631; x_wconf 90' lang='grc' dir='ltr'>πάνυ,</span> <span class='ocrx_word' id='word_1_59' title='bbox 1199 585 1263 624; x_wconf 81' lang='grc' dir='ltr'>καὶ</span> <span class='ocrx_word' id='word_1_60' title='bbox 1282 588 1354 630; x_wconf 86' lang='grc' dir='ltr'>τῆς</span> <span class='ocrx_word' id='word_1_61' title='bbox 1373 579 1557 632; x_wconf 86' lang='grc' dir='ltr'>Ἀττικῆς</span> <span class='ocrx_word' id='word_1_62' title='bbox 1577 582 1712 640; x_wconf 82' lang='grc' dir='ltr'>γλώτ-</span> 
     </span>
     <span class='ocr_line' id='line_1_8' title="bbox 252 639 1711 702; baseline 0.007 -21"><span class='ocrx_word' id='word_1_63' title='bbox 252 658 325 689; x_wconf 85' lang='grc' dir='ltr'>της</span> <span class='ocrx_word' id='word_1_64' title='bbox 345 639 512 696; x_wconf 78' lang='grc' dir='ltr'>ἄριστος</span> <span class='ocrx_word' id='word_1_65' title='bbox 533 642 682 690; x_wconf 85' lang='grc' dir='ltr'>κανὼν,</span> <span class='ocrx_word' id='word_1_66' title='bbox 703 641 752 684; x_wconf 82' lang='grc' dir='ltr'>οὐ</span> <span class='ocrx_word' id='word_1_67' title='bbox 773 648 844 692; x_wconf 87' lang='grc' dir='ltr'>τῆς</span> <span class='ocrx_word' id='word_1_68' title='bbox 865 642 1055 699; x_wconf 76' lang='grc' dir='ltr'>ἀρχαίας,</span> <span class='ocrx_word' id='word_1_69' title='bbox 1076 643 1102 701; x_wconf 75' lang='grc' dir='ltr'><em>ᾗ</em></span> <span class='ocrx_word' id='word_1_70' title='bbox 1121 648 1308 702; x_wconf 79' lang='grc' dir='ltr'>κέχρηται</span> <span class='ocrx_word' id='word_1_71' title='bbox 1325 644 1505 690; x_wconf 83' lang='grc' dir='ltr'>Πλάτων</span> <span class='ocrx_word' id='word_1_72' title='bbox 1521 651 1584 691; x_wconf 84' lang='grc' dir='ltr'>καὶ</span> <span class='ocrx_word' id='word_1_73' title='bbox 1605 653 1711 691; x_wconf 84' lang='grc' dir='ltr'>Θου-</span> 
     </span>
     <span class='ocr_line' id='line_1_9' title="bbox 252 704 1711 769; baseline 0.006 -21"><span class='ocrx_word' id='word_1_74' title='bbox 252 704 430 759; x_wconf 70' lang='grc' dir='ltr'>κυδίδης,</span> <span class='ocrx_word' id='word_1_75' title='bbox 459 706 571 749; x_wconf 80' lang='grc' dir='ltr'>ἀλλὰ</span> <span class='ocrx_word' id='word_1_76' title='bbox 599 714 672 757; x_wconf 84' lang='grc' dir='ltr'>τῆς</span> <span class='ocrx_word' id='word_1_77' title='bbox 702 707 784 750; x_wconf 80' lang='grc' dir='ltr'>κατ’</span> <span class='ocrx_word' id='word_1_78' title='bbox 813 710 965 752; x_wconf 80' lang='grc' dir='ltr'>ἐκεῖνον</span> <span class='ocrx_word' id='word_1_79' title='bbox 990 711 1063 753; x_wconf 82' lang='grc' dir='ltr'>τὸν</span> <span class='ocrx_word' id='word_1_80' title='bbox 1085 713 1243 768; x_wconf 90' lang='grc' dir='ltr'>χρόνον</span> <span class='ocrx_word' id='word_1_81' title='bbox 1264 711 1631 769; x_wconf 72' lang='grc' dir='ltr'>ἐπιχωριαζούσης,</span> <span class='ocrx_word' id='word_1_82' title='bbox 1653 715 1711 764; x_wconf 86' lang='grc' dir='ltr'>ὡς</span> 
     </span>
     <span class='ocr_line' id='line_1_10' title="bbox 252 769 1711 834; baseline 0.007 -22"><span class='ocrx_word' id='word_1_83' title='bbox 252 770 333 813; x_wconf 80' lang='grc' dir='ltr'>ἐ’στι</span> <span class='ocrx_word' id='word_1_84' title='bbox 352 769 618 827; x_wconf 69' lang='grc' dir='ltr'>τεκμήρασθαι</span> <span class='ocrx_word' id='word_1_85' title='bbox 636 778 724 821; x_wconf 83' lang='grc' dir='ltr'>τοῖς</span> <span class='ocrx_word' id='word_1_86' title='bbox 741 791 781 814; x_wconf 88' lang='grc' dir='ltr'>τε</span> <span class='ocrx_word' id='word_1_87' title='bbox 802 772 1045 817; x_wconf 72' lang='grc' dir='ltr'>Ἀνδοκίδου</span> <span class='ocrx_word' id='word_1_88' title='bbox 1074 775 1222 832; x_wconf 77' lang='grc' dir='ltr'>λόγοις</span> <span class='ocrx_word' id='word_1_89' title='bbox 1243 780 1306 820; x_wconf 82' lang='grc' dir='ltr'>καὶ</span> <span class='ocrx_word' id='word_1_90' title='bbox 1330 783 1419 826; x_wconf 87' lang='grc' dir='ltr'>τοῖς</span> <span class='ocrx_word' id='word_1_91' title='bbox 1440 781 1622 834; x_wconf 88' lang='grc' dir='ltr'>Κριτίου,</span> <span class='ocrx_word' id='word_1_92' title='bbox 1645 783 1711 823; x_wconf 85' lang='grc' dir='ltr'>καὶ</span> 
     </span>
    </p>
   </div>
   <div class='ocr_carea' id='block_1_2' title="bbox 168 835 1711 900">
    <p class='ocr_par' dir='ltr' id='par_1_4' title="bbox 168 835 1711 900">
     <span class='ocr_line' id='line_1_11' title="bbox 168 835 1711 900; baseline 0.006 -23"><span class='ocrx_word' id='word_1_93' title='bbox 168 841 198 864; x_wconf 66' lang='grc'>”’·</span> <span class='ocrx_word' id='word_1_94' title='bbox 251 835 402 886; x_wconf 72' lang='grc' dir='ltr'>ἄλλοις</span> <span class='ocrx_word' id='word_1_95' title='bbox 424 842 613 893; x_wconf 88' lang='grc' dir='ltr'>συχνοῖς.</span> <span class='ocrx_word' id='word_1_96' title='bbox 645 838 742 879; x_wconf 81' lang='grc' dir='ltr'>κατὰ</span> <span class='ocrx_word' id='word_1_97' title='bbox 773 842 893 881; x_wconf 83' lang='grc' dir='ltr'>τοῦτο</span> <span class='ocrx_word' id='word_1_98' title='bbox 918 843 991 893; x_wconf 77' lang='grc' dir='ltr'>μὲν</span> <span class='ocrx_word' id='word_1_99' title='bbox 1013 838 1061 890; x_wconf 72' lang='grc' dir='ltr'>δὴ</span> <span class='ocrx_word' id='word_1_100' title='bbox 1082 842 1128 883; x_wconf 83' lang='grc' dir='ltr'>τὸ</span> <span class='ocrx_word' id='word_1_101' title='bbox 1161 844 1298 898; x_wconf 77' lang='grc' dir='ltr'>μέρος,</span> <span class='ocrx_word' id='word_1_102' title='bbox 1321 844 1420 899; x_wconf 82' lang='grc' dir='ltr'>ὅπερ</span> <span class='ocrx_word' id='word_1_103' title='bbox 1441 844 1524 886; x_wconf 79' lang='grc' dir='ltr'>ἐστὶ</span> <span class='ocrx_word' id='word_1_104' title='bbox 1542 846 1711 900; x_wconf 80' lang='grc' dir='ltr'>πρῶτον</span> 
     </span>
    </p>
   </div>
   <div class='ocr_carea' id='block_1_3' title="bbox 247 902 1714 1683">
    <p class='ocr_par' dir='ltr' id='par_1_5' title="bbox 247 902 1714 1419">
     <span class='ocr_line' id='line_1_12' title="bbox 252 902 1712 964; baseline 0.007 -21"><span class='ocrx_word' id='word_1_105' title='bbox 252 905 316 944; x_wconf 84' lang='grc' dir='ltr'>καὶ</span> <span class='ocrx_word' id='word_1_106' title='bbox 336 904 577 959; x_wconf 76' lang='grc' dir='ltr'>κυριώτερον</span> <span class='ocrx_word' id='word_1_107' title='bbox 598 904 641 946; x_wconf 83' lang='grc' dir='ltr'>ἐν</span> <span class='ocrx_word' id='word_1_108' title='bbox 661 902 824 959; x_wconf 81' lang='grc' dir='ltr'>λόγοις,</span> <span class='ocrx_word' id='word_1_109' title='bbox 844 903 956 961; x_wconf 77' lang='grc' dir='ltr'>λέγω</span> <span class='ocrx_word' id='word_1_110' title='bbox 978 904 1032 954; x_wconf 72' lang='grc' dir='ltr'>δὲ,</span> <span class='ocrx_word' id='word_1_111' title='bbox 1061 907 1108 948; x_wconf 85' lang='grc' dir='ltr'>τὸ</span> <span class='ocrx_word' id='word_1_112' title='bbox 1136 909 1371 964; x_wconf 60' lang='grc' dir='ltr'>καθαρεύειν</span> <span class='ocrx_word' id='word_1_113' title='bbox 1390 910 1465 958; x_wconf 88' lang='grc' dir='ltr'>τὴν</span> <span class='ocrx_word' id='word_1_114' title='bbox 1486 907 1712 960; x_wconf 69' lang='grc' dir='ltr'>διάλεκτον,</span> 
     </span>
     <span class='ocr_line' id='line_1_13' title="bbox 251 967 1711 1030; baseline 0.006 -22"><span class='ocrx_word' id='word_1_115' title='bbox 251 967 392 1015; x_wconf 58' lang='grc' dir='ltr'>οὐδεὶς</span> <span class='ocrx_word' id='word_1_116' title='bbox 410 968 493 1010; x_wconf 75' lang='grc' dir='ltr'>τῶν</span> <span class='ocrx_word' id='word_1_117' title='bbox 512 971 857 1026; x_wconf 80' lang='grc' dir='ltr'>μεταγενεστέρων</span> <span class='ocrx_word' id='word_1_118' title='bbox 879 971 1003 1013; x_wconf 83' lang='grc' dir='ltr'>αὐτὸν</span> <span class='ocrx_word' id='word_1_119' title='bbox 1022 971 1315 1028; x_wconf 75' lang='grc' dir='ltr'>ὑπερεβάλετο·</span> <span class='ocrx_word' id='word_1_120' title='bbox 1351 972 1447 1015; x_wconf 78' lang='grc' dir='ltr'>ἀλλ’</span> <span class='ocrx_word' id='word_1_121' title='bbox 1468 972 1562 1017; x_wconf 75' lang='grc' dir='ltr'>οὐδὲ</span> <span class='ocrx_word' id='word_1_122' title='bbox 1591 976 1711 1030; x_wconf 78' lang='grc' dir='ltr'>μιμή-</span> 
     </span>
     <span class='ocr_line' id='line_1_14' title="bbox 251 1032 1711 1097; baseline 0.007 -23"><span class='ocrx_word' id='word_1_123' title='bbox 251 1034 402 1075; x_wconf 62' lang='grc' dir='ltr'>σασθαι</span> <span class='ocrx_word' id='word_1_124' title='bbox 422 1032 581 1076; x_wconf 86' lang='grc' dir='ltr'>πολλοὶ</span> <span class='ocrx_word' id='word_1_125' title='bbox 600 1032 771 1089; x_wconf 68' lang='grc' dir='ltr'>δύναμιν</span> <span class='ocrx_word' id='word_1_126' title='bbox 792 1034 934 1092; x_wconf 85' lang='grc' dir='ltr'>ἐ’σχον,</span> <span class='ocrx_word' id='word_1_127' title='bbox 954 1037 1014 1078; x_wconf 86' lang='grc' dir='ltr'>ὅτι</span> <span class='ocrx_word' id='word_1_128' title='bbox 1032 1038 1087 1091; x_wconf 91' lang='grc' dir='ltr'>μὴ</span> <span class='ocrx_word' id='word_1_129' title='bbox 1103 1038 1234 1091; x_wconf 87' lang='grc' dir='ltr'>μόνος</span> <span class='ocrx_word' id='word_1_130' title='bbox 1251 1037 1506 1093; x_wconf 83' lang='grc' dir='ltr'>Ἰσοκράτης.</span> <span class='ocrx_word' id='word_1_131' title='bbox 1526 1041 1711 1097; x_wconf 66' lang='grc' dir='ltr'>καθαρώ-</span> 
     </span>
     <span class='ocr_line' id='line_1_15' title="bbox 249 1096 1709 1158; baseline 0.005 -18"><span class='ocrx_word' id='word_1_132' title='bbox 249 1115 373 1147; x_wconf 89' lang='grc' dir='ltr'>τατος</span> <span class='ocrx_word' id='word_1_133' title='bbox 394 1096 442 1148; x_wconf 73' lang='grc' dir='ltr'>δὴ</span> <span class='ocrx_word' id='word_1_134' title='bbox 461 1101 544 1142; x_wconf 76' lang='grc' dir='ltr'>τῶν</span> <span class='ocrx_word' id='word_1_135' title='bbox 563 1098 723 1149; x_wconf 78' lang='grc' dir='ltr'>ἄλλων,</span> <span class='ocrx_word' id='word_1_136' title='bbox 749 1101 847 1155; x_wconf 86' lang='grc' dir='ltr'>μετά</span> <span class='ocrx_word' id='word_1_137' title='bbox 879 1119 927 1157; x_wconf 90' lang='grc' dir='ltr'>γε</span> <span class='ocrx_word' id='word_1_138' title='bbox 955 1099 1129 1151; x_wconf 88' lang='grc' dir='ltr'>Λυσίαν,</span> <span class='ocrx_word' id='word_1_139' title='bbox 1164 1103 1206 1144; x_wconf 82' lang='grc' dir='ltr'>ἐν</span> <span class='ocrx_word' id='word_1_140' title='bbox 1231 1108 1319 1151; x_wconf 89' lang='grc' dir='ltr'>τοῖς</span> <span class='ocrx_word' id='word_1_141' title='bbox 1354 1104 1554 1158; x_wconf 88' lang='grc' dir='ltr'>ὀνόμασιν</span> <span class='ocrx_word' id='word_1_142' title='bbox 1585 1105 1709 1155; x_wconf 82' lang='grc' dir='ltr'>οὗτος</span> 
     </span>
     <span class='ocr_line' id='line_1_16' title="bbox 249 1162 1710 1225; baseline 0.005 -19"><span class='ocrx_word' id='word_1_143' title='bbox 249 1162 384 1220; x_wconf 86' lang='grc' dir='ltr'>ἐ’μοιγε</span> <span class='ocrx_word' id='word_1_144' title='bbox 407 1162 513 1207; x_wconf 73' lang='grc' dir='ltr'>δοκεῖ</span> <span class='ocrx_word' id='word_1_145' title='bbox 531 1164 719 1221; x_wconf 78' lang='grc' dir='ltr'>γενέσθαι</span> <span class='ocrx_word' id='word_1_146' title='bbox 748 1168 771 1208; x_wconf 84' lang='grc' dir='ltr'>ὑ</span> <span class='ocrx_word' id='word_1_147' title='bbox 793 1165 912 1222; x_wconf 80' lang='grc' dir='ltr'>ἀνήρ.</span> <span class='ocrx_word' id='word_1_148' title='bbox 942 1169 1039 1220; x_wconf 87' lang='grc' dir='ltr'>μίαν</span> <span class='ocrx_word' id='word_1_149' title='bbox 1059 1170 1132 1222; x_wconf 78' lang='grc' dir='ltr'>μὲν</span> <span class='ocrx_word' id='word_1_150' title='bbox 1156 1165 1205 1217; x_wconf 72' lang='grc' dir='ltr'>δὴ</span> <span class='ocrx_word' id='word_1_151' title='bbox 1230 1169 1379 1218; x_wconf 78' lang='grc' dir='ltr'>ταύτην</span> <span class='ocrx_word' id='word_1_152' title='bbox 1410 1168 1558 1225; x_wconf 79' lang='grc' dir='ltr'>ἀρετὴν</span> <span class='ocrx_word' id='word_1_153' title='bbox 1589 1169 1710 1219; x_wconf 71' lang='grc' dir='ltr'>ἀξίαν</span> 
     </span>
     <span class='ocr_line' id='line_1_17' title="bbox 249 1228 1712 1291; baseline 0.005 -20"><span class='ocrx_word' id='word_1_154' title='bbox 249 1228 382 1279; x_wconf 72' lang='grc' dir='ltr'>ζήλου</span> <span class='ocrx_word' id='word_1_155' title='bbox 402 1234 464 1274; x_wconf 84' lang='grc' dir='ltr'>καὶ</span> <span class='ocrx_word' id='word_1_156' title='bbox 484 1233 689 1285; x_wconf 78' lang='grc' dir='ltr'>μιμήσεως</span> <span class='ocrx_word' id='word_1_157' title='bbox 710 1232 878 1287; x_wconf 83' lang='grc' dir='ltr'>εὑρίσκω</span> <span class='ocrx_word' id='word_1_158' title='bbox 899 1233 1009 1288; x_wconf 82' lang='grc' dir='ltr'>παρὰ</span> <span class='ocrx_word' id='word_1_159' title='bbox 1036 1235 1092 1288; x_wconf 69' lang='grc' dir='ltr'>τῷ</span> <span class='ocrx_word' id='word_1_160' title='bbox 1110 1231 1269 1289; x_wconf 76' lang='grc' dir='ltr'>ῥήτορι·</span> <span class='ocrx_word' id='word_1_161' title='bbox 1302 1237 1366 1276; x_wconf 84' lang='grc' dir='ltr'>καὶ</span> <span class='ocrx_word' id='word_1_162' title='bbox 1395 1234 1712 1291; x_wconf 80' lang='grc' dir='ltr'>παρακελευσαί-</span> 
     </span>
     <span class='ocr_line' id='line_1_18' title="bbox 247 1295 1714 1355; baseline 0.004 -17"><span class='ocrx_word' id='word_1_163' title='bbox 247 1314 328 1351; x_wconf 90' lang='grc' dir='ltr'>μην</span> <span class='ocrx_word' id='word_1_164' title='bbox 350 1296 400 1338; x_wconf 83' lang='grc' dir='ltr'>ἂν</span> <span class='ocrx_word' id='word_1_165' title='bbox 422 1301 510 1345; x_wconf 84' lang='grc' dir='ltr'>τοῖς</span> <span class='ocrx_word' id='word_1_166' title='bbox 527 1295 807 1353; x_wconf 78' lang='grc' dir='ltr'>βουλομένοις</span> <span class='ocrx_word' id='word_1_167' title='bbox 833 1295 1021 1353; x_wconf 79' lang='grc' dir='ltr'>καθαρῶς</span> <span class='ocrx_word' id='word_1_168' title='bbox 1044 1298 1231 1354; x_wconf 81' lang='grc' dir='ltr'>γράφειν,</span> <span class='ocrx_word' id='word_1_169' title='bbox 1256 1298 1281 1348; x_wconf 79' lang='grc' dir='ltr'>ἢ</span> <span class='ocrx_word' id='word_1_170' title='bbox 1302 1302 1365 1341; x_wconf 87' lang='grc' dir='ltr'>καὶ</span> <span class='ocrx_word' id='word_1_171' title='bbox 1386 1297 1535 1355; x_wconf 80' lang='grc' dir='ltr'>λέγειν,</span> <span class='ocrx_word' id='word_1_172' title='bbox 1558 1301 1714 1344; x_wconf 78' lang='grc' dir='ltr'>ἐκεῖνον</span> 
     </span>
     <span class='ocr_line' id='line_1_19' title="bbox 248 1359 1406 1419; baseline 0.003 -16"><span class='ocrx_word' id='word_1_173' title='bbox 248 1362 323 1404; x_wconf 84' lang='grc' dir='ltr'>τὸν</span> <span class='ocrx_word' id='word_1_174' title='bbox 343 1360 472 1417; x_wconf 70' lang='grc' dir='ltr'>ἄνδρα</span> <span class='ocrx_word' id='word_1_175' title='bbox 491 1365 694 1404; x_wconf 62' lang='grc' dir='ltr'>ποιεῖσθαι</span> <span class='ocrx_word' id='word_1_176' title='bbox 712 1359 967 1419; x_wconf 72' lang='grc' dir='ltr'>παράδειγμα</span> <span class='ocrx_word' id='word_1_177' title='bbox 985 1365 1134 1413; x_wconf 79' lang='grc' dir='ltr'>ταύτης</span> <span class='ocrx_word' id='word_1_178' title='bbox 1156 1370 1228 1413; x_wconf 83' lang='grc' dir='ltr'>τῆς</span> <span class='ocrx_word' id='word_1_179' title='bbox 1247 1363 1406 1419; x_wconf 77' lang='grc' dir='ltr'>ἀρετῆς.</span> 
     </span>
    </p>

    <p class='ocr_par' dir='ltr' id='par_1_6' title="bbox 247 1425 1713 1683">
     <span class='ocr_line' id='line_1_20' title="bbox 305 1425 1713 1484; baseline 0.004 -16"><span class='ocrx_word' id='word_1_180' title='bbox 305 1426 360 1482; x_wconf 84' lang='grc' dir='ltr'>γ’.</span> <span class='ocrx_word' id='word_1_181' title='bbox 389 1426 557 1483; x_wconf 78' lang='grc' dir='ltr'>Ἑτέραν</span> <span class='ocrx_word' id='word_1_182' title='bbox 578 1426 634 1477; x_wconf 70' lang='grc' dir='ltr'>δὲ,</span> <span class='ocrx_word' id='word_1_183' title='bbox 656 1425 775 1470; x_wconf 67' lang='grc' dir='ltr'>οὐδὲν</span> <span class='ocrx_word' id='word_1_184' title='bbox 794 1427 947 1470; x_wconf 72' lang='grc' dir='ltr'>ἐλάττω</span> <span class='ocrx_word' id='word_1_185' title='bbox 967 1430 1129 1479; x_wconf 75' lang='grc' dir='ltr'>ταύτης,</span> <span class='ocrx_word' id='word_1_186' title='bbox 1151 1428 1203 1478; x_wconf 79' lang='grc' dir='ltr'>ἣν</span> <span class='ocrx_word' id='word_1_187' title='bbox 1224 1428 1381 1472; x_wconf 79' lang='grc' dir='ltr'>πολλοὶ</span> <span class='ocrx_word' id='word_1_188' title='bbox 1402 1433 1475 1484; x_wconf 75' lang='grc' dir='ltr'>μὲν</span> <span class='ocrx_word' id='word_1_189' title='bbox 1495 1429 1713 1480; x_wconf 71' lang='grc' dir='ltr'>ἐζήλωσαν</span> 
     </span>
     <span class='ocr_line' id='line_1_21' title="bbox 247 1493 1713 1552; baseline 0.003 -18"><span class='ocrx_word' id='word_1_190' title='bbox 247 1494 331 1535; x_wconf 81' lang='grc' dir='ltr'>τῶν</span> <span class='ocrx_word' id='word_1_191' title='bbox 351 1493 449 1535; x_wconf 80' lang='grc' dir='ltr'>κατὰ</span> <span class='ocrx_word' id='word_1_192' title='bbox 470 1494 543 1535; x_wconf 85' lang='grc' dir='ltr'>τὸν</span> <span class='ocrx_word' id='word_1_193' title='bbox 565 1494 689 1536; x_wconf 78' lang='grc' dir='ltr'>αὐτὸν</span> <span class='ocrx_word' id='word_1_194' title='bbox 718 1495 878 1550; x_wconf 88' lang='grc' dir='ltr'>χρόνον</span> <span class='ocrx_word' id='word_1_195' title='bbox 906 1493 1190 1548; x_wconf 82' lang='grc' dir='ltr'>ἀκμασάντων,</span> <span class='ocrx_word' id='word_1_196' title='bbox 1219 1493 1354 1544; x_wconf 72' lang='grc' dir='ltr'>οὐδεὶς</span> <span class='ocrx_word' id='word_1_197' title='bbox 1373 1493 1413 1538; x_wconf 70' lang='grc' dir='ltr'>δὲ</span> <span class='ocrx_word' id='word_1_198' title='bbox 1432 1494 1713 1552; x_wconf 77' lang='grc' dir='ltr'>βεβαιότερον</span> 
     </span>
     <span class='ocr_line' id='line_1_22' title="bbox 248 1556 1712 1617; baseline 0.003 -17"><span class='ocrx_word' id='word_1_199' title='bbox 248 1556 489 1606; x_wconf 68' lang='grc' dir='ltr'>ἐπεδείξατο.</span> <span class='ocrx_word' id='word_1_200' title='bbox 520 1560 582 1607; x_wconf 84' lang='grc' dir='ltr'>τίς</span> <span class='ocrx_word' id='word_1_201' title='bbox 604 1557 638 1601; x_wconf 73' lang='grc' dir='ltr'>δ’</span> <span class='ocrx_word' id='word_1_202' title='bbox 660 1558 768 1601; x_wconf 76' lang='grc' dir='ltr'>’ἐστιν</span> <span class='ocrx_word' id='word_1_203' title='bbox 790 1558 913 1610; x_wconf 67' lang='grc' dir='ltr'>αὕτης</span> <span class='ocrx_word' id='word_1_204' title='bbox 937 1560 961 1608; x_wconf 88' lang='grc' dir='ltr'>ἡ</span> <span class='ocrx_word' id='word_1_205' title='bbox 983 1557 1047 1601; x_wconf 64' lang='grc' dir='ltr'>διὰ</span> <span class='ocrx_word' id='word_1_206' title='bbox 1065 1562 1149 1602; x_wconf 78' lang='grc' dir='ltr'>τῶν</span> <span class='ocrx_word' id='word_1_207' title='bbox 1170 1562 1320 1617; x_wconf 86' lang='grc' dir='ltr'>κυρίων</span> <span class='ocrx_word' id='word_1_208' title='bbox 1340 1579 1381 1602; x_wconf 88' lang='grc' dir='ltr'>τε</span> <span class='ocrx_word' id='word_1_209' title='bbox 1402 1564 1465 1603; x_wconf 85' lang='grc' dir='ltr'>καὶ</span> <span class='ocrx_word' id='word_1_210' title='bbox 1481 1563 1631 1604; x_wconf 80' lang='grc' dir='ltr'>κοινῶν</span> <span class='ocrx_word' id='word_1_211' title='bbox 1647 1565 1712 1605; x_wconf 83' lang='grc' dir='ltr'>καὶ</span> 
     </span>
     <span class='ocr_line' id='line_1_23' title="bbox 248 1624 1710 1683; baseline 0.001 -17"><span class='ocrx_word' id='word_1_212' title='bbox 248 1625 291 1667; x_wconf 76' lang='grc' dir='ltr'>ἐν</span> <span class='ocrx_word' id='word_1_213' title='bbox 310 1626 418 1680; x_wconf 73' lang='grc' dir='ltr'>μέσῳ</span> <span class='ocrx_word' id='word_1_214' title='bbox 448 1626 637 1679; x_wconf 77' lang='grc' dir='ltr'>κειμένων</span> <span class='ocrx_word' id='word_1_215' title='bbox 658 1624 873 1680; x_wconf 83' lang='grc' dir='ltr'>ὀνομάτων</span> <span class='ocrx_word' id='word_1_216' title='bbox 902 1626 1121 1681; x_wconf 78' lang='grc' dir='ltr'>ἐκφέρουσα</span> <span class='ocrx_word' id='word_1_217' title='bbox 1145 1626 1196 1668; x_wconf 81' lang='grc' dir='ltr'>τὰ</span> <span class='ocrx_word' id='word_1_218' title='bbox 1221 1627 1437 1680; x_wconf 78' lang='grc' dir='ltr'>νοοῦμενα.</span> <span class='ocrx_word' id='word_1_219' title='bbox 1466 1624 1607 1675; x_wconf 79' lang='grc' dir='ltr'>ἥκιστα</span> <span class='ocrx_word' id='word_1_220' title='bbox 1627 1627 1710 1683; x_wconf 77' lang='grc' dir='ltr'>γὰρ</span> 
     </span>
    </p>
   </div>
   <div class='ocr_carea' id='block_1_4' title="bbox 247 1713 1714 1800">
    <p class='ocr_par' dir='ltr' id='par_1_7' title="bbox 247 1713 1714 1800">
     <span class='ocr_line' id='line_1_24' title="bbox 289 1713 1714 1758; baseline -0.001 -11"><span class='ocrx_word' id='word_1_221' title='bbox 289 1713 327 1748; x_wconf 74' lang='lat' dir='ltr'>B‘.</span> <span class='ocrx_word' id='word_1_222' title='bbox 343 1715 509 1757; x_wconf 73' lang='grc' dir='ltr'>Τεκμήριον]</span> <span class='ocrx_word' id='word_1_223' title='bbox 523 1713 731 1757; x_wconf 62' lang='grc' dir='ltr'>Τεκμῇρασθαι</span> <span class='ocrx_word' id='word_1_224' title='bbox 746 1715 956 1756; x_wconf 87' lang='lat' dir='ltr'>recipiendum</span> <span class='ocrx_word' id='word_1_225' title='bbox 995 1721 1045 1747; x_wconf 91' lang='lat' dir='ltr'>tur</span> <span class='ocrx_word' id='word_1_226' title='bbox 1062 1716 1155 1752; x_wconf 86' lang='lat' dir='ltr'>enim,</span> <span class='ocrx_word' id='word_1_227' title='bbox 1166 1716 1273 1747; x_wconf 75' lang='grc' dir='ltr'>ταύτην</span> <span class='ocrx_word' id='word_1_228' title='bbox 1290 1715 1419 1758; x_wconf 57' lang='lat' dir='ltr'>&amp;sva-{gar</span> <span class='ocrx_word' id='word_1_229' title='bbox 1433 1717 1482 1747; x_wconf 73' lang='grc' dir='ltr'>τὴν</span> <span class='ocrx_word' id='word_1_230' title='bbox 1495 1715 1602 1756; x_wconf 72' lang='grc' dir='ltr'>ἄςετῆν,</span> <span class='ocrx_word' id='word_1_231' title='bbox 1615 1719 1646 1746; x_wconf 82' lang='lat' dir='ltr'>et</span> <span class='ocrx_word' id='word_1_232' title='bbox 1655 1714 1714 1758; x_wconf 76' lang='grc' dir='ltr'>τρί-</span> 
     </span>
     <span class='ocr_line' id='line_1_25' title="bbox 247 1758 1559 1800; baseline 0.002 -12"><span class='ocrx_word' id='word_1_233' title='bbox 247 1759 380 1790; x_wconf 85' lang='lat' dir='ltr'>videtur.</span> <span class='ocrx_word' id='word_1_234' title='bbox 405 1770 470 1789; x_wconf 87' lang='lat' dir='ltr'>nam</span> <span class='ocrx_word' id='word_1_235' title='bbox 487 1759 633 1800; x_wconf 69' lang='grc' dir='ltr'>τεκμήριον</span> <span class='ocrx_word' id='word_1_236' title='bbox 645 1759 734 1789; x_wconf 83' lang='lat' dir='ltr'>aliam</span> <span class='ocrx_word' id='word_1_237' title='bbox 755 1760 960 1789; x_wconf 85' lang='lat' dir='ltr'>constructio·</span> <span class='ocrx_word' id='word_1_238' title='bbox 992 1771 1042 1791; x_wconf 76' lang='grc' dir='ltr'>την</span> <span class='ocrx_word' id='word_1_239' title='bbox 1057 1761 1153 1800; x_wconf 60' lang='grc' dir='ltr'>ἀρετὴν</span> <span class='ocrx_word' id='word_1_240' title='bbox 1168 1758 1379 1799; x_wconf 64' lang='grc' dir='ltr'>ἀποφαίνομαι.</span> <span class='ocrx_word' id='word_1_241' title='bbox 1401 1760 1559 1790; x_wconf 71' lang='lat' dir='ltr'>TAYLon.</span> 
     </span>
    </p>
   </div>
   <div class='ocr_carea' id='block_1_5' title="bbox 245 1803 961 3046">
    <p class='ocr_par' dir='ltr' id='par_1_8' title="bbox 247 1803 607 1842">
     <span class='ocr_line' id='line_1_26' title="bbox 247 1803 607 1842; baseline 0 -10"><span class='ocrx_word' id='word_1_242' title='bbox 247 1813 317 1832; x_wconf 85' lang='lat' dir='ltr'>nem</span> <span class='ocrx_word' id='word_1_243' title='bbox 333 1803 477 1842; x_wconf 82' lang='lat' dir='ltr'>postulat.</span> <span class='ocrx_word' id='word_1_244' title='bbox 502 1804 607 1832; x_wconf 79' lang='lat' dir='ltr'>IDEM.</span> 
     </span>
    </p>

    <p class='ocr_par' dir='ltr' id='par_1_9' title="bbox 245 1845 961 2950">
     <span class='ocr_line' id='line_1_27' title="bbox 291 1845 958 1885; baseline 0 -11"><span class='ocrx_word' id='word_1_245' title='bbox 291 1845 464 1885; x_wconf 70' lang='grc' dir='ltr'>Κυριώτεςον]</span> <span class='ocrx_word' id='word_1_246' title='bbox 487 1847 569 1884; x_wconf 84' lang='lat' dir='ltr'>Lege</span> <span class='ocrx_word' id='word_1_247' title='bbox 585 1845 764 1883; x_wconf 70' lang='grc' dir='ltr'>κυξιώτιιτον.</span> <span class='ocrx_word' id='word_1_248' title='bbox 784 1849 815 1874; x_wconf 87' lang='lat' dir='ltr'>et</span> <span class='ocrx_word' id='word_1_249' title='bbox 829 1845 871 1874; x_wconf 89' lang='lat' dir='ltr'>ita</span> <span class='ocrx_word' id='word_1_250' title='bbox 888 1846 958 1884; x_wconf 85' lang='lat' dir='ltr'>Syl-</span> 
     </span>
     <span class='ocr_line' id='line_1_28' title="bbox 246 1887 959 1927; baseline 0.001 -11"><span class='ocrx_word' id='word_1_251' title='bbox 246 1888 336 1926; x_wconf 76' lang='lat' dir='ltr'>burg.</span> <span class='ocrx_word' id='word_1_252' title='bbox 359 1889 577 1918; x_wconf 76' lang='lat' dir='ltr'>MARKLAND.</span> <span class='ocrx_word' id='word_1_253' title='bbox 615 1887 685 1918; x_wconf 89' lang='lat' dir='ltr'>Non</span> <span class='ocrx_word' id='word_1_254' title='bbox 708 1892 755 1918; x_wconf 84' lang='lat' dir='ltr'>est</span> <span class='ocrx_word' id='word_1_255' title='bbox 769 1889 959 1927; x_wconf 88' lang='lat' dir='ltr'>repudianda</span> 
     </span>
     <span class='ocr_line' id='line_1_29' title="bbox 246 1931 958 1971; baseline 0 -11"><span class='ocrx_word' id='word_1_256' title='bbox 246 1931 339 1961; x_wconf 89' lang='lat' dir='ltr'>lectio</span> <span class='ocrx_word' id='word_1_257' title='bbox 355 1932 488 1971; x_wconf 83' lang='lat' dir='ltr'>vulgata,</span> <span class='ocrx_word' id='word_1_258' title='bbox 504 1941 592 1970; x_wconf 90' lang='lat' dir='ltr'>quam</span> <span class='ocrx_word' id='word_1_259' title='bbox 607 1935 638 1960; x_wconf 88' lang='lat' dir='ltr'>et</span> <span class='ocrx_word' id='word_1_260' title='bbox 652 1931 715 1966; x_wconf 87' lang='lat' dir='ltr'>hic,</span> <span class='ocrx_word' id='word_1_261' title='bbox 734 1935 766 1960; x_wconf 85' lang='lat' dir='ltr'>et</span> <span class='ocrx_word' id='word_1_262' title='bbox 784 1931 857 1960; x_wconf 86' lang='lat' dir='ltr'>alibi</span> <span class='ocrx_word' id='word_1_263' title='bbox 873 1936 958 1960; x_wconf 84' lang='lat' dir='ltr'>tuen-</span> 
     </span>
     <span class='ocr_line' id='line_1_30' title="bbox 247 1974 957 2013; baseline 0.003 -11"><span class='ocrx_word' id='word_1_264' title='bbox 247 1977 297 2003; x_wconf 84' lang='lat' dir='ltr'>tur</span> <span class='ocrx_word' id='word_1_265' title='bbox 312 1984 416 2004; x_wconf 80' lang='lat' dir='ltr'>omnes</span> <span class='ocrx_word' id='word_1_266' title='bbox 437 1975 560 2004; x_wconf 86' lang='lat' dir='ltr'>codices</span> <span class='ocrx_word' id='word_1_267' title='bbox 576 1978 606 2003; x_wconf 87' lang='lat' dir='ltr'>et</span> <span class='ocrx_word' id='word_1_268' title='bbox 625 1974 776 2004; x_wconf 84' lang='lat' dir='ltr'>editiones</span> <span class='ocrx_word' id='word_1_269' title='bbox 793 1974 957 2013; x_wconf 84' lang='lat' dir='ltr'>principes.</span> 
     </span>
     <span class='ocr_line' id='line_1_31' title="bbox 246 2017 958 2057; baseline -0.001 -11"><span class='ocrx_word' id='word_1_270' title='bbox 246 2017 336 2056; x_wconf 86' lang='lat' dir='ltr'>Saepe</span> <span class='ocrx_word' id='word_1_271' title='bbox 352 2017 430 2047; x_wconf 89' lang='lat' dir='ltr'>euim</span> <span class='ocrx_word' id='word_1_272' title='bbox 451 2018 577 2047; x_wconf 85' lang='lat' dir='ltr'>diversa</span> <span class='ocrx_word' id='word_1_273' title='bbox 596 2018 650 2048; x_wconf 76' lang='grc' dir='ltr'>εἴδη</span> <span class='ocrx_word' id='word_1_274' title='bbox 663 2018 811 2057; x_wconf 82' lang='lat' dir='ltr'>(gradus)</span> <span class='ocrx_word' id='word_1_275' title='bbox 823 2018 958 2056; x_wconf 84' lang='lat' dir='ltr'>jungun-</span> 
     </span>
     <span class='ocr_line' id='line_1_32' title="bbox 247 2060 958 2100; baseline 0.001 -11"><span class='ocrx_word' id='word_1_276' title='bbox 247 2065 306 2090; x_wconf 87' lang='lat' dir='ltr'>tur.</span> <span class='ocrx_word' id='word_1_277' title='bbox 329 2061 381 2090; x_wconf 91' lang='lat' dir='ltr'>Sic</span> <span class='ocrx_word' id='word_1_278' title='bbox 395 2060 563 2099; x_wconf 86' lang='lat' dir='ltr'>Dionysius</span> <span class='ocrx_word' id='word_1_279' title='bbox 575 2062 624 2091; x_wconf 88' lang='lat' dir='ltr'>ed.</span> <span class='ocrx_word' id='word_1_280' title='bbox 638 2060 783 2100; x_wconf 83' lang='lat' dir='ltr'>Sylburg.</span> <span class='ocrx_word' id='word_1_281' title='bbox 795 2071 827 2099; x_wconf 88' lang='lat' dir='ltr'>p.</span> <span class='ocrx_word' id='word_1_282' title='bbox 839 2062 890 2090; x_wconf 70' lang='lat'>94.</span> <span class='ocrx_word' id='word_1_283' title='bbox 907 2062 958 2090; x_wconf 88' lang='grc'>15.</span> 
     </span>
     <span class='ocr_line' id='line_1_33' title="bbox 246 2103 957 2144; baseline -0.001 -12"><span class='ocrx_word' id='word_1_284' title='bbox 246 2104 287 2133; x_wconf 66' lang='grc' dir='ltr'>τὰ</span> <span class='ocrx_word' id='word_1_285' title='bbox 303 2106 402 2143; x_wconf 76' lang='grc' dir='ltr'>πρῶτα</span> <span class='ocrx_word' id='word_1_286' title='bbox 414 2103 461 2133; x_wconf 77' lang='grc' dir='ltr'>καὶ</span> <span class='ocrx_word' id='word_1_287' title='bbox 473 2103 633 2144; x_wconf 55' lang='grc' dir='ltr'>κυριώτερα..</span> <span class='ocrx_word' id='word_1_288' title='bbox 650 2103 703 2132; x_wconf 90' lang='lat' dir='ltr'>ubi</span> <span class='ocrx_word' id='word_1_289' title='bbox 719 2103 796 2133; x_wconf 82' lang='lat' dir='ltr'>male</span> <span class='ocrx_word' id='word_1_290' title='bbox 813 2103 957 2141; x_wconf 88' lang='lat' dir='ltr'>Sylburg.</span> 
     </span>
     <span class='ocr_line' id='line_1_34' title="bbox 246 2145 958 2176; baseline -0.003 0"><span class='ocrx_word' id='word_1_291' title='bbox 246 2151 352 2176; x_wconf 85' lang='lat' dir='ltr'>contra</span> <span class='ocrx_word' id='word_1_292' title='bbox 367 2147 575 2176; x_wconf 87' lang='lat' dir='ltr'>auctoritatem</span> <span class='ocrx_word' id='word_1_293' title='bbox 588 2145 734 2176; x_wconf 74' lang='lat' dir='ltr'>editionis</span> <span class='ocrx_word' id='word_1_294' title='bbox 747 2145 958 2175; x_wconf 85' lang='lat' dir='ltr'>Mediolanen-</span> 
     </span>
     <span class='ocr_line' id='line_1_35' title="bbox 247 2188 958 2229; baseline -0.001 -11"><span class='ocrx_word' id='word_1_295' title='bbox 247 2189 302 2225; x_wconf 86' lang='lat' dir='ltr'>sis,</span> <span class='ocrx_word' id='word_1_296' title='bbox 316 2191 396 2228; x_wconf 85' lang='lat' dir='ltr'>Hag.</span> <span class='ocrx_word' id='word_1_297' title='bbox 412 2190 485 2220; x_wconf 85' lang='lat' dir='ltr'>Ald.</span> <span class='ocrx_word' id='word_1_298' title='bbox 504 2193 533 2225; x_wconf 88' lang='lat'>1,</span> <span class='ocrx_word' id='word_1_299' title='bbox 548 2192 578 2220; x_wconf 74' lang='lat'>2.</span> <span class='ocrx_word' id='word_1_300' title='bbox 596 2190 704 2229; x_wconf 75' lang='lat' dir='ltr'>steph.</span> <span class='ocrx_word' id='word_1_301' title='bbox 722 2192 752 2225; x_wconf 91' lang='lat'>1,</span> <span class='ocrx_word' id='word_1_302' title='bbox 768 2192 797 2220; x_wconf 70' lang='lat'>2.</span> <span class='ocrx_word' id='word_1_303' title='bbox 815 2188 911 2219; x_wconf 85' lang='lat' dir='ltr'>Basil.</span> <span class='ocrx_word' id='word_1_304' title='bbox 927 2191 958 2225; x_wconf 90' lang='lat'>1,</span> 
     </span>
     <span class='ocr_line' id='line_1_36' title="bbox 246 2232 956 2272; baseline 0 -10"><span class='ocrx_word' id='word_1_305' title='bbox 246 2234 277 2268; x_wconf 76' lang='lat'>2,</span> <span class='ocrx_word' id='word_1_306' title='bbox 288 2234 318 2262; x_wconf 82' lang='lat'>3.</span> <span class='ocrx_word' id='word_1_307' title='bbox 329 2237 360 2262; x_wconf 88' lang='lat' dir='ltr'>et</span> <span class='ocrx_word' id='word_1_308' title='bbox 371 2233 469 2263; x_wconf 89' lang='lat' dir='ltr'>Wolf.</span> <span class='ocrx_word' id='word_1_309' title='bbox 481 2232 605 2272; x_wconf 80' lang='lat' dir='ltr'>scripsit</span> <span class='ocrx_word' id='word_1_310' title='bbox 615 2232 786 2272; x_wconf 73' lang='grc' dir='ltr'>κυςιῶτατα.</span> <span class='ocrx_word' id='word_1_311' title='bbox 798 2242 829 2271; x_wconf 84' lang='lat' dir='ltr'>p.</span> <span class='ocrx_word' id='word_1_312' title='bbox 841 2234 892 2262; x_wconf 83' lang='lat'>94.</span> <span class='ocrx_word' id='word_1_313' title='bbox 904 2234 956 2262; x_wconf 71' lang='lat'>4²2.</span> 
     </span>
     <span class='ocr_line' id='line_1_37' title="bbox 246 2275 959 2317; baseline 0.001 -14"><span class='ocrx_word' id='word_1_314' title='bbox 246 2277 430 2309; x_wconf 66' lang='grc' dir='ltr'>κατασκελὴς</span> <span class='ocrx_word' id='word_1_315' title='bbox 450 2276 498 2305; x_wconf 75' lang='grc' dir='ltr'>καῖ</span> <span class='ocrx_word' id='word_1_316' title='bbox 514 2275 681 2317; x_wconf 68' lang='grc' dir='ltr'>Βραδυτὲξα.</span> <span class='ocrx_word' id='word_1_317' title='bbox 702 2286 733 2315; x_wconf 90' lang='lat' dir='ltr'>p.</span> <span class='ocrx_word' id='word_1_318' title='bbox 757 2278 808 2306; x_wconf 74' lang='lat'>94.</span> <span class='ocrx_word' id='word_1_319' title='bbox 833 2276 885 2304; x_wconf 81' lang='lat'>37.</span> <span class='ocrx_word' id='word_1_320' title='bbox 911 2277 959 2306; x_wconf 75' lang='grc' dir='ltr'>τὴν</span> 
     </span>
     <span class='ocr_line' id='line_1_38' title="bbox 245 2318 957 2350; baseline 0 -3"><span class='ocrx_word' id='word_1_321' title='bbox 245 2320 328 2348; x_wconf 66' lang='grc' dir='ltr'>κοινὴν</span> <span class='ocrx_word' id='word_1_322' title='bbox 342 2318 389 2348; x_wconf 68' lang='grc' dir='ltr'>καὶ</span> <span class='ocrx_word' id='word_1_323' title='bbox 405 2319 631 2350; x_wconf 67' lang='grc' dir='ltr'>συνηθεστάτην.</span> <span class='ocrx_word' id='word_1_324' title='bbox 654 2319 795 2349; x_wconf 64' lang='lat' dir='ltr'>Mum.</span> <span class='ocrx_word' id='word_1_325' title='bbox 820 2319 889 2347; x_wconf 90' lang='lat' dir='ltr'>Nou</span> <span class='ocrx_word' id='word_1_326' title='bbox 903 2319 957 2347; x_wconf 91' lang='lat' dir='ltr'>ob-</span> 
     </span>
     <span class='ocr_line' id='line_1_39' title="bbox 246 2361 957 2399; baseline 0.001 -10"><span class='ocrx_word' id='word_1_327' title='bbox 246 2361 354 2399; x_wconf 86' lang='lat' dir='ltr'>loquar</span> <span class='ocrx_word' id='word_1_328' title='bbox 371 2361 438 2391; x_wconf 90' lang='lat' dir='ltr'>viro</span> <span class='ocrx_word' id='word_1_329' title='bbox 459 2362 684 2392; x_wconf 85' lang='lat' dir='ltr'>literatissimo.</span> <span class='ocrx_word' id='word_1_330' title='bbox 728 2362 841 2390; x_wconf 88' lang='lat' dir='ltr'>Verum</span> <span class='ocrx_word' id='word_1_331' title='bbox 858 2365 957 2391; x_wconf 88' lang='lat' dir='ltr'>tamen</span> 
     </span>
     <span class='ocr_line' id='line_1_40' title="bbox 246 2404 956 2444; baseline 0.001 -11"><span class='ocrx_word' id='word_1_332' title='bbox 246 2405 409 2434; x_wconf 82' lang='lat' dir='ltr'>tenendum</span> <span class='ocrx_word' id='word_1_333' title='bbox 436 2404 493 2435; x_wconf 87' lang='lat' dir='ltr'>hoc</span> <span class='ocrx_word' id='word_1_334' title='bbox 519 2410 577 2440; x_wconf 85' lang='lat' dir='ltr'>est,</span> <span class='ocrx_word' id='word_1_335' title='bbox 602 2405 746 2436; x_wconf 82' lang='lat' dir='ltr'>facillime</span> <span class='ocrx_word' id='word_1_336' title='bbox 766 2404 906 2444; x_wconf 85' lang='lat' dir='ltr'>potuisse</span> <span class='ocrx_word' id='word_1_337' title='bbox 926 2404 956 2434; x_wconf 91' lang='lat' dir='ltr'>in</span> 
     </span>
     <span class='ocr_line' id='line_1_41' title="bbox 246 2446 961 2486; baseline 0.001 -10"><span class='ocrx_word' id='word_1_338' title='bbox 246 2446 419 2485; x_wconf 89' lang='lat' dir='ltr'>hujusmodi</span> <span class='ocrx_word' id='word_1_339' title='bbox 432 2448 533 2478; x_wconf 88' lang='lat' dir='ltr'>causis</span> <span class='ocrx_word' id='word_1_340' title='bbox 548 2458 665 2478; x_wconf 89' lang='lat' dir='ltr'>errores</span> <span class='ocrx_word' id='word_1_341' title='bbox 679 2449 844 2486; x_wconf 80' lang='lat' dir='ltr'>subrepere</span> <span class='ocrx_word' id='word_1_342' title='bbox 859 2458 897 2477; x_wconf 86' lang='lat' dir='ltr'>ex</span> <span class='ocrx_word' id='word_1_343' title='bbox 914 2457 961 2483; x_wconf 89' lang='lat' dir='ltr'>eo,</span> 
     </span>
     <span class='ocr_line' id='line_1_42' title="bbox 246 2491 960 2528; baseline 0 -9"><span class='ocrx_word' id='word_1_344' title='bbox 246 2491 328 2528; x_wconf 87' lang='lat' dir='ltr'>quod</span> <span class='ocrx_word' id='word_1_345' title='bbox 351 2491 467 2520; x_wconf 84' lang='lat' dir='ltr'>librarii</span> <span class='ocrx_word' id='word_1_346' title='bbox 489 2492 590 2521; x_wconf 86' lang='lat' dir='ltr'>Graeci</span> <span class='ocrx_word' id='word_1_347' title='bbox 614 2496 800 2520; x_wconf 88' lang='lat' dir='ltr'>consuerunt</span> <span class='ocrx_word' id='word_1_348' title='bbox 821 2491 960 2520; x_wconf 84' lang='lat' dir='ltr'>termina-</span> 
     </span>
     <span class='ocr_line' id='line_1_43' title="bbox 246 2532 960 2572; baseline 0 -10"><span class='ocrx_word' id='word_1_349' title='bbox 246 2532 345 2562; x_wconf 77' lang='lat' dir='ltr'>tiones</span> <span class='ocrx_word' id='word_1_350' title='bbox 360 2534 636 2572; x_wconf 82' lang='lat' dir='ltr'>comparativorum</span> <span class='ocrx_word' id='word_1_351' title='bbox 657 2538 688 2563; x_wconf 84' lang='lat' dir='ltr'>et</span> <span class='ocrx_word' id='word_1_352' title='bbox 704 2533 960 2572; x_wconf 81' lang='lat' dir='ltr'>superlativorum</span> 
     </span>
     <span class='ocr_line' id='line_1_44' title="bbox 246 2576 961 2616; baseline 0.001 -11"><span class='ocrx_word' id='word_1_353' title='bbox 246 2577 352 2605; x_wconf 87' lang='lat' dir='ltr'>eadem</span> <span class='ocrx_word' id='word_1_354' title='bbox 365 2577 444 2615; x_wconf 83' lang='lat' dir='ltr'>sigla</span> <span class='ocrx_word' id='word_1_355' title='bbox 455 2577 639 2616; x_wconf 84' lang='lat' dir='ltr'>exprimere.</span> <span class='ocrx_word' id='word_1_356' title='bbox 654 2582 688 2606; x_wconf 90' lang='lat' dir='ltr'>ut</span> <span class='ocrx_word' id='word_1_357' title='bbox 705 2576 874 2616; x_wconf 78' lang='lat' dir='ltr'>saepissime</span> <span class='ocrx_word' id='word_1_358' title='bbox 891 2586 961 2606; x_wconf 88' lang='lat' dir='ltr'>cau-</span> 
     </span>
     <span class='ocr_line' id='line_1_45' title="bbox 247 2619 961 2658; baseline 0 -9"><span class='ocrx_word' id='word_1_359' title='bbox 247 2629 289 2649; x_wconf 81' lang='lat' dir='ltr'>sae</span> <span class='ocrx_word' id='word_1_360' title='bbox 305 2619 466 2649; x_wconf 79' lang='lat' dir='ltr'>dubitandi</span> <span class='ocrx_word' id='word_1_361' title='bbox 489 2620 624 2650; x_wconf 80' lang='lat' dir='ltr'>incidant</span> <span class='ocrx_word' id='word_1_362' title='bbox 645 2619 849 2658; x_wconf 73' lang='lat' dir='ltr'>gravissimae,</span> <span class='ocrx_word' id='word_1_363' title='bbox 871 2624 901 2649; x_wconf 89' lang='lat' dir='ltr'>et</span> <span class='ocrx_word' id='word_1_364' title='bbox 917 2624 961 2649; x_wconf 88' lang='lat' dir='ltr'>te-</span> 
     </span>
     <span class='ocr_line' id='line_1_46' title="bbox 247 2661 960 2701; baseline 0 -9"><span class='ocrx_word' id='word_1_365' title='bbox 247 2661 389 2692; x_wconf 88' lang='lat' dir='ltr'>stimonia</span> <span class='ocrx_word' id='word_1_366' title='bbox 416 2663 555 2701; x_wconf 87' lang='lat' dir='ltr'>quamvis</span> <span class='ocrx_word' id='word_1_367' title='bbox 586 2663 747 2692; x_wconf 88' lang='lat' dir='ltr'>multarum</span> <span class='ocrx_word' id='word_1_368' title='bbox 779 2662 960 2699; x_wconf 77' lang='lat' dir='ltr'>editionum,</span> 
     </span>
     <span class='ocr_line' id='line_1_47' title="bbox 246 2705 960 2745; baseline 0 -11"><span class='ocrx_word' id='word_1_369' title='bbox 246 2715 373 2744; x_wconf 88' lang='lat' dir='ltr'>quarum</span> <span class='ocrx_word' id='word_1_370' title='bbox 385 2715 489 2735; x_wconf 85' lang='lat' dir='ltr'>omnes</span> <span class='ocrx_word' id='word_1_371' title='bbox 502 2706 686 2745; x_wconf 83' lang='lat' dir='ltr'>posteriores</span> <span class='ocrx_word' id='word_1_372' title='bbox 699 2716 738 2734; x_wconf 86' lang='lat' dir='ltr'>ex</span> <span class='ocrx_word' id='word_1_373' title='bbox 750 2715 807 2734; x_wconf 86' lang='lat' dir='ltr'>una</span> <span class='ocrx_word' id='word_1_374' title='bbox 821 2705 960 2744; x_wconf 84' lang='lat' dir='ltr'>principe</span> 
     </span>
     <span class='ocr_line' id='line_1_48' title="bbox 246 2748 958 2787; baseline 0 -10"><span class='ocrx_word' id='word_1_375' title='bbox 246 2748 394 2778; x_wconf 86' lang='lat' dir='ltr'>derivatae</span> <span class='ocrx_word' id='word_1_376' title='bbox 410 2752 493 2783; x_wconf 88' lang='lat' dir='ltr'>sunt,</span> <span class='ocrx_word' id='word_1_377' title='bbox 508 2748 653 2787; x_wconf 85' lang='lat' dir='ltr'>quocirca</span> <span class='ocrx_word' id='word_1_378' title='bbox 673 2758 839 2785; x_wconf 79' lang='lat' dir='ltr'>consensus</span> <span class='ocrx_word' id='word_1_379' title='bbox 856 2758 958 2777; x_wconf 82' lang='lat' dir='ltr'>earum</span> 
     </span>
     <span class='ocr_line' id='line_1_49' title="bbox 247 2791 960 2830; baseline -0.001 -10"><span class='ocrx_word' id='word_1_380' title='bbox 247 2791 381 2820; x_wconf 87' lang='lat' dir='ltr'>omnium</span> <span class='ocrx_word' id='word_1_381' title='bbox 396 2801 453 2821; x_wconf 89' lang='lat' dir='ltr'>non</span> <span class='ocrx_word' id='word_1_382' title='bbox 467 2796 569 2830; x_wconf 83' lang='lat' dir='ltr'>potest</span> <span class='ocrx_word' id='word_1_383' title='bbox 578 2791 635 2821; x_wconf 90' lang='lat' dir='ltr'>nisi</span> <span class='ocrx_word' id='word_1_384' title='bbox 648 2802 704 2830; x_wconf 90' lang='lat' dir='ltr'>pro</span> <span class='ocrx_word' id='word_1_385' title='bbox 715 2791 802 2820; x_wconf 85' lang='lat' dir='ltr'>unico</span> <span class='ocrx_word' id='word_1_386' title='bbox 816 2791 960 2829; x_wconf 82' lang='lat' dir='ltr'>suffragio</span> 
     </span>
     <span class='ocr_line' id='line_1_50' title="bbox 247 2834 960 2870; baseline -0.001 -7"><span class='ocrx_word' id='word_1_387' title='bbox 247 2834 363 2870; x_wconf 82' lang='lat' dir='ltr'>haberi,</span> <span class='ocrx_word' id='word_1_388' title='bbox 378 2840 482 2864; x_wconf 87' lang='lat' dir='ltr'>contra</span> <span class='ocrx_word' id='word_1_389' title='bbox 495 2834 706 2864; x_wconf 86' lang='lat' dir='ltr'>necessitatem</span> <span class='ocrx_word' id='word_1_390' title='bbox 722 2844 738 2863; x_wconf 88' lang='lat' dir='ltr'>e</span> <span class='ocrx_word' id='word_1_391' title='bbox 755 2837 860 2862; x_wconf 88' lang='lat' dir='ltr'>natura</span> <span class='ocrx_word' id='word_1_392' title='bbox 875 2834 917 2862; x_wconf 89' lang='lat' dir='ltr'>rei</span> <span class='ocrx_word' id='word_1_393' title='bbox 930 2837 960 2862; x_wconf 87' lang='lat' dir='ltr'>et</span> 
     </span>
     <span class='ocr_line' id='line_1_51' title="bbox 247 2876 958 2917; baseline 0 -12"><span class='ocrx_word' id='word_1_394' title='bbox 247 2878 337 2906; x_wconf 80' lang='lat' dir='ltr'>modo</span> <span class='ocrx_word' id='word_1_395' title='bbox 363 2877 508 2917; x_wconf 85' lang='lat' dir='ltr'>loquendi</span> <span class='ocrx_word' id='word_1_396' title='bbox 536 2878 734 2908; x_wconf 75' lang='lat' dir='ltr'>exsistentem</span> <span class='ocrx_word' id='word_1_397' title='bbox 760 2876 802 2906; x_wconf 89' lang='lat' dir='ltr'>uil</span> <span class='ocrx_word' id='word_1_398' title='bbox 830 2876 958 2905; x_wconf 87' lang='lat' dir='ltr'>valeant.</span> 
     </span>
     <span class='ocr_line' id='line_1_52' title="bbox 248 2919 368 2950; baseline 0.017 -2"><span class='ocrx_word' id='word_1_399' title='bbox 248 2919 368 2950; x_wconf 61' lang='lat' dir='ltr'>Rfflsx.</span> 
     </span>
    </p>

    <p class='ocr_par' dir='ltr' id='par_1_10' title="bbox 248 2960 958 3046">
     <span class='ocr_line' id='line_1_53' title="bbox 291 2960 958 3004; baseline 0 -13"><span class='ocrx_word' id='word_1_400' title='bbox 291 2960 377 3003; x_wconf 74' lang='grc' dir='ltr'>Μίαν]</span> <span class='ocrx_word' id='word_1_401' title='bbox 398 2964 436 2992; x_wconf 87' lang='lat' dir='ltr'>Id</span> <span class='ocrx_word' id='word_1_402' title='bbox 455 2968 511 2999; x_wconf 82' lang='lat' dir='ltr'>cst,</span> <span class='ocrx_word' id='word_1_403' title='bbox 528 2964 656 3004; x_wconf 62' lang='grc' dir='ltr'>πρώτην,</span> <span class='ocrx_word' id='word_1_404' title='bbox 679 2973 739 3002; x_wconf 86' lang='lat' dir='ltr'>quo</span> <span class='ocrx_word' id='word_1_405' title='bbox 763 2967 853 3002; x_wconf 85' lang='lat' dir='ltr'>pacto</span> <span class='ocrx_word' id='word_1_406' title='bbox 875 2961 958 3000; x_wconf 85' lang='lat' dir='ltr'>loqui</span> 
     </span>
     <span class='ocr_line' id='line_1_54' title="bbox 248 3005 957 3046; baseline 0 -11"><span class='ocrx_word' id='word_1_407' title='bbox 248 3010 347 3036; x_wconf 76' lang='lat' dir='ltr'>amant</span> <span class='ocrx_word' id='word_1_408' title='bbox 362 3006 488 3036; x_wconf 65' lang='lat' dir='ltr'>Hebraei</span> <span class='ocrx_word' id='word_1_409' title='bbox 501 3011 531 3037; x_wconf 85' lang='lat' dir='ltr'>et</span> <span class='ocrx_word' id='word_1_410' title='bbox 543 3007 584 3037; x_wconf 87' lang='lat' dir='ltr'>N.</span> <span class='ocrx_word' id='word_1_411' title='bbox 595 3007 630 3037; x_wconf 83' lang='lat' dir='ltr'>F.</span> <span class='ocrx_word' id='word_1_412' title='bbox 643 3007 823 3046; x_wconf 82' lang='lat' dir='ltr'>Scriptores.</span> <span class='ocrx_word' id='word_1_413' title='bbox 848 3005 957 3046; x_wconf 80' lang='lat' dir='ltr'>Sequi-</span> 
     </span>
    </p>
   </div>
   <div class='ocr_carea' id='block_1_6' title="bbox 990 1802 1713 3044">
    <p class='ocr_par' dir='ltr' id='par_1_11' title="bbox 991 1802 1713 2055">
     <span class='ocr_line' id='line_1_55' title="bbox 1037 1802 1710 1842; baseline -0.001 -10"><span class='ocrx_word' id='word_1_414' title='bbox 1037 1802 1142 1842; x_wconf 66' lang='grc' dir='ltr'>Ζήλου]</span> <span class='ocrx_word' id='word_1_415' title='bbox 1172 1804 1256 1841; x_wconf 85' lang='lat' dir='ltr'>Lego</span> <span class='ocrx_word' id='word_1_416' title='bbox 1281 1802 1364 1842; x_wconf 71' lang='grc' dir='ltr'>ζήλου</span> <span class='ocrx_word' id='word_1_417' title='bbox 1386 1802 1434 1832; x_wconf 74' lang='grc' dir='ltr'>καὶ</span> <span class='ocrx_word' id='word_1_418' title='bbox 1457 1802 1621 1842; x_wconf 77' lang='grc' dir='ltr'>μιμήσεως,</span> <span class='ocrx_word' id='word_1_419' title='bbox 1648 1802 1710 1838; x_wconf 78' lang='lat' dir='ltr'>vel,</span> 
     </span>
     <span class='ocr_line' id='line_1_56' title="bbox 993 1845 1710 1885; baseline 0 -11"><span class='ocrx_word' id='word_1_420' title='bbox 993 1845 1074 1885; x_wconf 70' lang='grc' dir='ltr'>ζήλου</span> <span class='ocrx_word' id='word_1_421' title='bbox 1089 1855 1122 1875; x_wconf 79' lang='grc' dir='ltr'>τε</span> <span class='ocrx_word' id='word_1_422' title='bbox 1136 1845 1185 1875; x_wconf 78' lang='grc' dir='ltr'>καῖ</span> <span class='ocrx_word' id='word_1_423' title='bbox 1199 1845 1363 1884; x_wconf 73' lang='grc' dir='ltr'>μιμήσεως,</span> <span class='ocrx_word' id='word_1_424' title='bbox 1383 1850 1417 1874; x_wconf 86' lang='lat' dir='ltr'>ut</span> <span class='ocrx_word' id='word_1_425' title='bbox 1437 1845 1467 1874; x_wconf 86' lang='lat' dir='ltr'>in</span> <span class='ocrx_word' id='word_1_426' title='bbox 1485 1845 1553 1875; x_wconf 86' lang='lat' dir='ltr'>Lib.</span> <span class='ocrx_word' id='word_1_427' title='bbox 1569 1846 1608 1874; x_wconf 90' lang='lat' dir='ltr'>de</span> <span class='ocrx_word' id='word_1_428' title='bbox 1624 1845 1710 1874; x_wconf 84' lang='lat' dir='ltr'>&#39;rhu-</span> 
     </span>
     <span class='ocr_line' id='line_1_57' title="bbox 991 1886 1713 1928; baseline 0.001 -11"><span class='ocrx_word' id='word_1_429' title='bbox 991 1889 1062 1927; x_wconf 84' lang='lat' dir='ltr'>cyd.</span> <span class='ocrx_word' id='word_1_430' title='bbox 1079 1888 1191 1918; x_wconf 84' lang='lat' dir='ltr'>Idiom.</span> <span class='ocrx_word' id='word_1_431' title='bbox 1212 1889 1310 1917; x_wconf 76' lang='grc' dir='ltr'>ταῦτα.</span> <span class='ocrx_word' id='word_1_432' title='bbox 1325 1887 1393 1926; x_wconf 75' lang='grc' dir='ltr'>ἄξιοι</span> <span class='ocrx_word' id='word_1_433' title='bbox 1406 1886 1489 1928; x_wconf 69' lang='grc' dir='ltr'>ζήλου</span> <span class='ocrx_word' id='word_1_434' title='bbox 1501 1898 1534 1917; x_wconf 79' lang='grc' dir='ltr'>τε</span> <span class='ocrx_word' id='word_1_435' title='bbox 1550 1886 1597 1917; x_wconf 75' lang='grc' dir='ltr'>καὶ</span> <span class='ocrx_word' id='word_1_436' title='bbox 1611 1887 1713 1928; x_wconf 71' lang='grc' dir='ltr'>μιμή-</span> 
     </span>
     <span class='ocr_line' id='line_1_58' title="bbox 991 1929 1707 1970; baseline 0.001 -10"><span class='ocrx_word' id='word_1_437' title='bbox 991 1941 1063 1964; x_wconf 77' lang='grc' dir='ltr'>σεως</span> <span class='ocrx_word' id='word_1_438' title='bbox 1087 1929 1182 1970; x_wconf 76' lang='grc' dir='ltr'>ἐφάνη.</span> <span class='ocrx_word' id='word_1_439' title='bbox 1227 1930 1281 1960; x_wconf 92' lang='lat' dir='ltr'>Sic</span> <span class='ocrx_word' id='word_1_440' title='bbox 1304 1931 1352 1960; x_wconf 87' lang='lat' dir='ltr'>De</span> <span class='ocrx_word' id='word_1_441' title='bbox 1374 1931 1489 1960; x_wconf 84' lang='lat' dir='ltr'>Struct.</span> <span class='ocrx_word' id='word_1_442' title='bbox 1505 1931 1593 1960; x_wconf 84' lang='lat' dir='ltr'>Orat.</span> <span class='ocrx_word' id='word_1_443' title='bbox 1609 1940 1707 1969; x_wconf 76' lang='lat' dir='ltr'>segm-</span> 
     </span>
     <span class='ocr_line' id='line_1_59' title="bbox 991 1972 1708 2015; baseline 0 -12"><span class='ocrx_word' id='word_1_444' title='bbox 991 1974 1122 2003; x_wconf 83' lang='lat' dir='ltr'>XXVI.</span> <span class='ocrx_word' id='word_1_445' title='bbox 1139 1973 1222 2014; x_wconf 77' lang='grc' dir='ltr'>ζήλου</span> <span class='ocrx_word' id='word_1_446' title='bbox 1235 1972 1283 2002; x_wconf 73' lang='grc' dir='ltr'>καὶ</span> <span class='ocrx_word' id='word_1_447' title='bbox 1295 1973 1417 2007; x_wconf 76' lang='grc' dir='ltr'>σπουδῆς</span> <span class='ocrx_word' id='word_1_448' title='bbox 1429 1972 1578 2005; x_wconf 70' lang='grc' dir='ltr'>ἐπιτήδειον</span> <span class='ocrx_word' id='word_1_449' title='bbox 1591 1974 1708 2015; x_wconf 70' lang='grc' dir='ltr'>τυγχά-</span> 
     </span>
     <span class='ocr_line' id='line_1_60' title="bbox 991 2016 1406 2055; baseline 0.002 -10"><span class='ocrx_word' id='word_1_450' title='bbox 991 2026 1039 2046; x_wconf 87' lang='grc' dir='ltr'>νειν</span> <span class='ocrx_word' id='word_1_451' title='bbox 1055 2016 1159 2055; x_wconf 79' lang='grc' dir='ltr'>οἴομαι.</span> <span class='ocrx_word' id='word_1_452' title='bbox 1186 2017 1406 2046; x_wconf 74' lang='lat' dir='ltr'>MARRLAND.</span> 
     </span>
    </p>

    <p class='ocr_par' dir='ltr' id='par_1_12' title="bbox 990 2057 1711 2228">
     <span class='ocr_line' id='line_1_61' title="bbox 1033 2057 1709 2100; baseline -0.001 -11"><span class='ocrx_word' id='word_1_453' title='bbox 1033 2058 1200 2100; x_wconf 66' lang='lat' dir='ltr'>y&#39;.‘E‘x-÷&#39;pav]</span> <span class='ocrx_word' id='word_1_454' title='bbox 1211 2059 1285 2089; x_wconf 87' lang='lat' dir='ltr'>Scil.</span> <span class='ocrx_word' id='word_1_455' title='bbox 1297 2059 1394 2097; x_wconf 67' lang='grc' dir='ltr'>ἀρετὴν</span> <span class='ocrx_word' id='word_1_456' title='bbox 1405 2057 1530 2099; x_wconf 80' lang='grc' dir='ltr'>εὑρίσκω,</span> <span class='ocrx_word' id='word_1_457' title='bbox 1541 2059 1622 2097; x_wconf 84' lang='lat' dir='ltr'>quod</span> <span class='ocrx_word' id='word_1_458' title='bbox 1631 2069 1709 2098; x_wconf 82' lang='lat' dir='ltr'>prae-</span> 
     </span>
     <span class='ocr_line' id='line_1_62' title="bbox 991 2101 1709 2140; baseline -0.001 -9"><span class='ocrx_word' id='word_1_459' title='bbox 991 2102 1097 2137; x_wconf 84' lang='lat' dir='ltr'>cessit,</span> <span class='ocrx_word' id='word_1_460' title='bbox 1111 2107 1141 2132; x_wconf 86' lang='lat' dir='ltr'>et</span> <span class='ocrx_word' id='word_1_461' title='bbox 1156 2102 1255 2140; x_wconf 89' lang='lat' dir='ltr'>repeti</span> <span class='ocrx_word' id='word_1_462' title='bbox 1270 2102 1374 2131; x_wconf 86' lang='lat' dir='ltr'>debet.</span> <span class='ocrx_word' id='word_1_463' title='bbox 1419 2102 1490 2131; x_wconf 87' lang='lat' dir='ltr'>Sine</span> <span class='ocrx_word' id='word_1_464' title='bbox 1507 2112 1598 2130; x_wconf 88' lang='lat' dir='ltr'>causa</span> <span class='ocrx_word' id='word_1_465' title='bbox 1613 2101 1709 2140; x_wconf 89' lang='lat' dir='ltr'>igitur</span> 
     </span>
     <span class='ocr_line' id='line_1_63' title="bbox 991 2143 1711 2184; baseline 0.001 -10"><span class='ocrx_word' id='word_1_466' title='bbox 991 2145 1175 2184; x_wconf 86' lang='lat' dir='ltr'>Sylburgius</span> <span class='ocrx_word' id='word_1_467' title='bbox 1190 2145 1326 2175; x_wconf 80' lang='lat' dir='ltr'>inserere</span> <span class='ocrx_word' id='word_1_468' title='bbox 1339 2145 1405 2174; x_wconf 84' lang='lat' dir='ltr'>vult</span> <span class='ocrx_word' id='word_1_469' title='bbox 1419 2145 1544 2174; x_wconf 85' lang='lat' dir='ltr'>verbum</span> <span class='ocrx_word' id='word_1_470' title='bbox 1557 2143 1711 2184; x_wconf 72' lang='grc' dir='ltr'>ἀποφαίνο-</span> 
     </span>
     <span class='ocr_line' id='line_1_64' title="bbox 990 2189 1188 2228; baseline 0.01 -12"><span class='ocrx_word' id='word_1_471' title='bbox 990 2200 1059 2228; x_wconf 78' lang='grc' dir='ltr'>μιιι.</span> <span class='ocrx_word' id='word_1_472' title='bbox 1082 2189 1188 2218; x_wconf 78' lang='lat' dir='ltr'>IDEM.</span> 
     </span>
    </p>

    <p class='ocr_par' dir='ltr' id='par_1_13' title="bbox 991 2228 1712 3044">
     <span class='ocr_line' id='line_1_65' title="bbox 1027 2228 1708 2272; baseline 0 -12"><span class='ocrx_word' id='word_1_473' title='bbox 1027 2228 1172 2272; x_wconf 75' lang='grc' dir='ltr'>Ἧκιστα]</span> <span class='ocrx_word' id='word_1_474' title='bbox 1198 2231 1290 2261; x_wconf 85' lang='lat' dir='ltr'>Hunc</span> <span class='ocrx_word' id='word_1_475' title='bbox 1306 2232 1408 2261; x_wconf 91' lang='lat' dir='ltr'>locum</span> <span class='ocrx_word' id='word_1_476' title='bbox 1424 2229 1553 2269; x_wconf 80' lang='lat' dir='ltr'>respicit</span> <span class='ocrx_word' id='word_1_477' title='bbox 1569 2229 1708 2260; x_wconf 83' lang='lat' dir='ltr'>Scholia-</span> 
     </span>
     <span class='ocr_line' id='line_1_66' title="bbox 991 2273 1711 2314; baseline -0.003 -11"><span class='ocrx_word' id='word_1_478' title='bbox 991 2278 1054 2304; x_wconf 86' lang='lat' dir='ltr'>stes</span> <span class='ocrx_word' id='word_1_479' title='bbox 1070 2275 1283 2314; x_wconf 82' lang='lat' dir='ltr'>Hermogenis</span> <span class='ocrx_word' id='word_1_480' title='bbox 1297 2285 1329 2313; x_wconf 90' lang='lat' dir='ltr'>p.</span> <span class='ocrx_word' id='word_1_481' title='bbox 1346 2275 1421 2304; x_wconf 81' lang='lat'>478.</span> <span class='ocrx_word' id='word_1_482' title='bbox 1444 2273 1571 2302; x_wconf 86' lang='lat' dir='ltr'>laudans</span> <span class='ocrx_word' id='word_1_483' title='bbox 1592 2273 1711 2313; x_wconf 85' lang='lat' dir='ltr'>Diony-</span> 
     </span>
     <span class='ocr_line' id='line_1_67' title="bbox 992 2315 1709 2356; baseline -0.001 -9"><span class='ocrx_word' id='word_1_484' title='bbox 992 2317 1069 2347; x_wconf 90' lang='lat' dir='ltr'>sium</span> <span class='ocrx_word' id='word_1_485' title='bbox 1095 2316 1121 2348; x_wconf 82' lang='grc' dir='ltr'>ἐν</span> <span class='ocrx_word' id='word_1_486' title='bbox 1146 2317 1188 2355; x_wconf 71' lang='grc' dir='ltr'>τῷ</span> <span class='ocrx_word' id='word_1_487' title='bbox 1211 2316 1279 2356; x_wconf 60' lang='grc' dir='ltr'>«περὶ</span> <span class='ocrx_word' id='word_1_488' title='bbox 1303 2316 1469 2356; x_wconf 73' lang='grc' dir='ltr'>μιμήσεως,</span> <span class='ocrx_word' id='word_1_489' title='bbox 1499 2325 1559 2354; x_wconf 91' lang='lat' dir='ltr'>quo</span> <span class='ocrx_word' id='word_1_490' title='bbox 1586 2315 1709 2346; x_wconf 87' lang='lat' dir='ltr'>nomine</span> 
     </span>
     <span class='ocr_line' id='line_1_68' title="bbox 991 2357 1708 2399; baseline -0.003 -10"><span class='ocrx_word' id='word_1_491' title='bbox 991 2360 1081 2390; x_wconf 88' lang='lat' dir='ltr'>etiam</span> <span class='ocrx_word' id='word_1_492' title='bbox 1095 2361 1200 2390; x_wconf 89' lang='lat' dir='ltr'>laudat</span> <span class='ocrx_word' id='word_1_493' title='bbox 1213 2371 1245 2399; x_wconf 80' lang='lat' dir='ltr'>p.</span> <span class='ocrx_word' id='word_1_494' title='bbox 1259 2363 1333 2391; x_wconf 83' lang='lat'>411.</span> <span class='ocrx_word' id='word_1_495' title='bbox 1351 2361 1429 2389; x_wconf 88' lang='lat' dir='ltr'>huuc</span> <span class='ocrx_word' id='word_1_496' title='bbox 1441 2357 1629 2397; x_wconf 86' lang='lat' dir='ltr'>ipsissimum</span> <span class='ocrx_word' id='word_1_497' title='bbox 1643 2363 1708 2388; x_wconf 88' lang='lat' dir='ltr'>tra-</span> 
     </span>
     <span class='ocr_line' id='line_1_69' title="bbox 991 2401 1709 2443; baseline -0.004 -10"><span class='ocrx_word' id='word_1_498' title='bbox 991 2404 1137 2434; x_wconf 84' lang='lat' dir='ltr'>ctatulum</span> <span class='ocrx_word' id='word_1_499' title='bbox 1156 2402 1297 2443; x_wconf 87' lang='lat' dir='ltr'>Dionysii</span> <span class='ocrx_word' id='word_1_500' title='bbox 1318 2403 1356 2433; x_wconf 88' lang='lat' dir='ltr'>de</span> <span class='ocrx_word' id='word_1_501' title='bbox 1373 2402 1435 2432; x_wconf 86' lang='lat' dir='ltr'>vita</span> <span class='ocrx_word' id='word_1_502' title='bbox 1455 2406 1486 2430; x_wconf 88' lang='lat' dir='ltr'>et</span> <span class='ocrx_word' id='word_1_503' title='bbox 1505 2401 1630 2440; x_wconf 81' lang='lat' dir='ltr'>scriptis</span> <span class='ocrx_word' id='word_1_504' title='bbox 1646 2402 1709 2440; x_wconf 85' lang='lat' dir='ltr'>Ly-</span> 
     </span>
     <span class='ocr_line' id='line_1_70' title="bbox 995 2443 1711 2486; baseline -0.003 -10"><span class='ocrx_word' id='word_1_505' title='bbox 995 2447 1057 2476; x_wconf 86' lang='lat' dir='ltr'>siae.</span> <span class='ocrx_word' id='word_1_506' title='bbox 1105 2446 1237 2486; x_wconf 81' lang='lat' dir='ltr'>Scripsit</span> <span class='ocrx_word' id='word_1_507' title='bbox 1259 2456 1331 2475; x_wconf 87' lang='lat' dir='ltr'>sane</span> <span class='ocrx_word' id='word_1_508' title='bbox 1360 2444 1528 2483; x_wconf 81' lang='lat' dir='ltr'>Dionysius</span> <span class='ocrx_word' id='word_1_509' title='bbox 1552 2443 1621 2485; x_wconf 64' lang='grc' dir='ltr'>περὶ</span> <span class='ocrx_word' id='word_1_510' title='bbox 1648 2445 1711 2480; x_wconf 75' lang='grc' dir='ltr'>τοῦ,</span> 
     </span>
     <span class='ocr_line' id='line_1_71' title="bbox 995 2486 1712 2530; baseline -0.004 -11"><span class='ocrx_word' id='word_1_511' title='bbox 995 2489 1071 2524; x_wconf 78' lang='grc' dir='ltr'>τίνας</span> <span class='ocrx_word' id='word_1_512' title='bbox 1087 2490 1184 2530; x_wconf 61' lang='grc' dir='ltr'>ἄνδρας</span> <span class='ocrx_word' id='word_1_513' title='bbox 1205 2487 1371 2529; x_wconf 64' lang='grc' dir='ltr'>μιμεῖσθαι</span> <span class='ocrx_word' id='word_1_514' title='bbox 1394 2487 1445 2523; x_wconf 75' lang='grc' dir='ltr'>δεῖ,</span> <span class='ocrx_word' id='word_1_515' title='bbox 1466 2487 1584 2520; x_wconf 76' lang='grc' dir='ltr'>ποιητάς</span> <span class='ocrx_word' id='word_1_516' title='bbox 1606 2496 1640 2516; x_wconf 75' lang='grc' dir='ltr'>τε</span> <span class='ocrx_word' id='word_1_517' title='bbox 1663 2486 1712 2516; x_wconf 78' lang='grc' dir='ltr'>καὶ</span> 
     </span>
     <span class='ocr_line' id='line_1_72' title="bbox 995 2529 1712 2573; baseline -0.007 -10"><span class='ocrx_word' id='word_1_518' title='bbox 995 2531 1176 2573; x_wconf 77' lang='grc' dir='ltr'>φιλοσόφους,</span> <span class='ocrx_word' id='word_1_519' title='bbox 1222 2531 1445 2570; x_wconf 62' lang='grc' dir='ltr'>ἱστοριογράφους</span> <span class='ocrx_word' id='word_1_520' title='bbox 1491 2529 1540 2559; x_wconf 72' lang='grc' dir='ltr'>καὶ</span> <span class='ocrx_word' id='word_1_521' title='bbox 1588 2529 1712 2570; x_wconf 52' lang='grc' dir='ltr'>ῥήτορας.</span> 
     </span>
     <span class='ocr_line' id='line_1_73' title="bbox 996 2572 1712 2615; baseline -0.007 -9"><span class='ocrx_word' id='word_1_522' title='bbox 996 2576 1098 2615; x_wconf 80' lang='lat' dir='ltr'>Epist.</span> <span class='ocrx_word' id='word_1_523' title='bbox 1116 2577 1153 2605; x_wconf 91' lang='lat' dir='ltr'>ad</span> <span class='ocrx_word' id='word_1_524' title='bbox 1170 2577 1226 2605; x_wconf 88' lang='lat' dir='ltr'>Cn.</span> <span class='ocrx_word' id='word_1_525' title='bbox 1242 2575 1353 2613; x_wconf 87' lang='lat' dir='ltr'>Pomp.</span> <span class='ocrx_word' id='word_1_526' title='bbox 1393 2574 1504 2611; x_wconf 86' lang='lat' dir='ltr'>Neque</span> <span class='ocrx_word' id='word_1_527' title='bbox 1521 2572 1648 2612; x_wconf 87' lang='lat' dir='ltr'>scripsit</span> <span class='ocrx_word' id='word_1_528' title='bbox 1663 2583 1712 2602; x_wconf 82' lang='lat' dir='ltr'>so-</span> 
     </span>
     <span class='ocr_line' id='line_1_74' title="bbox 995 2614 1711 2655; baseline -0.007 -6"><span class='ocrx_word' id='word_1_529' title='bbox 995 2619 1162 2653; x_wconf 87' lang='lat' dir='ltr'>lummodo,</span> <span class='ocrx_word' id='word_1_530' title='bbox 1178 2618 1230 2647; x_wconf 82' lang='lat' dir='ltr'>sed</span> <span class='ocrx_word' id='word_1_531' title='bbox 1244 2617 1358 2646; x_wconf 87' lang='lat' dir='ltr'>edidit:</span> <span class='ocrx_word' id='word_1_532' title='bbox 1380 2614 1422 2645; x_wconf 83' lang='grc' dir='ltr'>Ἐν</span> <span class='ocrx_word' id='word_1_533' title='bbox 1438 2617 1496 2649; x_wconf 77' lang='grc' dir='ltr'>τοῖς</span> <span class='ocrx_word' id='word_1_534' title='bbox 1511 2614 1711 2655; x_wconf 67' lang='grc' dir='ltr'>ωςοεκδοθεῖσι</span> 
     </span>
     <span class='ocr_line' id='line_1_75' title="bbox 995 2658 1709 2703; baseline -0.007 -11"><span class='ocrx_word' id='word_1_535' title='bbox 995 2661 1063 2703; x_wconf 64' lang='grc' dir='ltr'>’περὶ</span> <span class='ocrx_word' id='word_1_536' title='bbox 1080 2663 1130 2696; x_wconf 79' lang='grc' dir='ltr'>τ’ἦς</span> <span class='ocrx_word' id='word_1_537' title='bbox 1143 2660 1299 2701; x_wconf 75' lang='grc' dir='ltr'>μιμήσεως</span> <span class='ocrx_word' id='word_1_538' title='bbox 1317 2658 1613 2699; x_wconf 60' lang='grc' dir='ltr'>ὑπομνηματισμοῖς.</span> <span class='ocrx_word' id='word_1_539' title='bbox 1652 2659 1709 2688; x_wconf 89' lang='lat' dir='ltr'>Ju-</span> 
     </span>
     <span class='ocr_line' id='line_1_76' title="bbox 995 2700 1708 2742; baseline -0.007 -8"><span class='ocrx_word' id='word_1_540' title='bbox 995 2705 1055 2734; x_wconf 90' lang='lat' dir='ltr'>dic.</span> <span class='ocrx_word' id='word_1_541' title='bbox 1081 2705 1119 2733; x_wconf 90' lang='lat' dir='ltr'>de</span> <span class='ocrx_word' id='word_1_542' title='bbox 1141 2703 1280 2742; x_wconf 82' lang='lat' dir='ltr'>Tbucyd.</span> <span class='ocrx_word' id='word_1_543' title='bbox 1296 2702 1364 2732; x_wconf 85' lang='lat' dir='ltr'>init.</span> <span class='ocrx_word' id='word_1_544' title='bbox 1383 2701 1436 2731; x_wconf 88' lang='lat' dir='ltr'>ubi</span> <span class='ocrx_word' id='word_1_545' title='bbox 1461 2701 1558 2740; x_wconf 83' lang='lat' dir='ltr'>plura.</span> <span class='ocrx_word' id='word_1_546' title='bbox 1602 2700 1708 2738; x_wconf 90' lang='lat' dir='ltr'>Hujus</span> 
     </span>
     <span class='ocr_line' id='line_1_77' title="bbox 994 2743 1708 2787; baseline -0.007 -11"><span class='ocrx_word' id='word_1_547' title='bbox 994 2746 1100 2787; x_wconf 82' lang='lat' dir='ltr'>operis</span> <span class='ocrx_word' id='word_1_548' title='bbox 1115 2746 1252 2785; x_wconf 84' lang='lat' dir='ltr'>reliquiae</span> <span class='ocrx_word' id='word_1_549' title='bbox 1269 2749 1349 2780; x_wconf 88' lang='lat' dir='ltr'>sunt,</span> <span class='ocrx_word' id='word_1_550' title='bbox 1364 2754 1432 2783; x_wconf 90' lang='lat' dir='ltr'>quae</span> <span class='ocrx_word' id='word_1_551' title='bbox 1448 2743 1578 2782; x_wconf 85' lang='lat' dir='ltr'>legimus</span> <span class='ocrx_word' id='word_1_552' title='bbox 1593 2743 1632 2772; x_wconf 88' lang='lat' dir='ltr'>de</span> <span class='ocrx_word' id='word_1_553' title='bbox 1647 2743 1708 2781; x_wconf 87' lang='lat' dir='ltr'>Ly-</span> 
     </span>
     <span class='ocr_line' id='line_1_78' title="bbox 995 2785 1711 2828; baseline -0.007 -9"><span class='ocrx_word' id='word_1_554' title='bbox 995 2791 1050 2825; x_wconf 87' lang='lat' dir='ltr'>sia,</span> <span class='ocrx_word' id='word_1_555' title='bbox 1071 2791 1197 2828; x_wconf 87' lang='lat' dir='ltr'>ejusque</span> <span class='ocrx_word' id='word_1_556' title='bbox 1220 2788 1394 2817; x_wconf 81' lang='lat' dir='ltr'>charactere</span> <span class='ocrx_word' id='word_1_557' title='bbox 1420 2785 1557 2821; x_wconf 87' lang='lat' dir='ltr'>dicendi,</span> <span class='ocrx_word' id='word_1_558' title='bbox 1579 2786 1617 2815; x_wconf 90' lang='lat' dir='ltr'>de</span> <span class='ocrx_word' id='word_1_559' title='bbox 1641 2786 1711 2815; x_wconf 85' lang='lat' dir='ltr'>Iso-</span> 
     </span>
     <span class='ocr_line' id='line_1_79' title="bbox 994 2828 1708 2869; baseline -0.006 -7"><span class='ocrx_word' id='word_1_560' title='bbox 994 2839 1087 2867; x_wconf 83' lang='lat' dir='ltr'>crate,</span> <span class='ocrx_word' id='word_1_561' title='bbox 1101 2836 1132 2860; x_wconf 87' lang='lat' dir='ltr'>et</span> <span class='ocrx_word' id='word_1_562' title='bbox 1147 2832 1237 2860; x_wconf 85' lang='lat' dir='ltr'>Isaeo.</span> <span class='ocrx_word' id='word_1_563' title='bbox 1283 2830 1463 2869; x_wconf 84' lang='lat' dir='ltr'>Quicunque</span> <span class='ocrx_word' id='word_1_564' title='bbox 1477 2828 1555 2858; x_wconf 89' lang='lat' dir='ltr'>enim</span> <span class='ocrx_word' id='word_1_565' title='bbox 1569 2828 1708 2858; x_wconf 87' lang='lat' dir='ltr'>conferet</span> 
     </span>
     <span class='ocr_line' id='line_1_80' title="bbox 993 2871 1709 2913; baseline -0.008 -8"><span class='ocrx_word' id='word_1_566' title='bbox 993 2875 1143 2909; x_wconf 88' lang='lat' dir='ltr'>notitiam,</span> <span class='ocrx_word' id='word_1_567' title='bbox 1159 2884 1247 2913; x_wconf 85' lang='lat' dir='ltr'>quam</span> <span class='ocrx_word' id='word_1_568' title='bbox 1261 2874 1299 2903; x_wconf 87' lang='lat' dir='ltr'>de</span> <span class='ocrx_word' id='word_1_569' title='bbox 1316 2883 1352 2902; x_wconf 80' lang='lat' dir='ltr'>eo</span> <span class='ocrx_word' id='word_1_570' title='bbox 1368 2882 1460 2910; x_wconf 85' lang='lat' dir='ltr'>opere</span> <span class='ocrx_word' id='word_1_571' title='bbox 1473 2871 1647 2901; x_wconf 77' lang='lat' dir='ltr'>imitationis</span> <span class='ocrx_word' id='word_1_572' title='bbox 1657 2881 1709 2900; x_wconf 86' lang='lat' dir='ltr'>re-</span> 
     </span>
     <span class='ocr_line' id='line_1_81' title="bbox 993 2913 1712 2956; baseline -0.006 -9"><span class='ocrx_word' id='word_1_573' title='bbox 993 2917 1083 2956; x_wconf 85' lang='lat' dir='ltr'>liquit</span> <span class='ocrx_word' id='word_1_574' title='bbox 1100 2917 1283 2956; x_wconf 79' lang='lat' dir='ltr'>Dionysius,</span> <span class='ocrx_word' id='word_1_575' title='bbox 1298 2926 1366 2946; x_wconf 86' lang='lat' dir='ltr'>cum</span> <span class='ocrx_word' id='word_1_576' title='bbox 1389 2915 1438 2944; x_wconf 87' lang='lat' dir='ltr'>bis</span> <span class='ocrx_word' id='word_1_577' title='bbox 1458 2913 1712 2944; x_wconf 86' lang='lat' dir='ltr'>commentatiun-</span> 
     </span>
     <span class='ocr_line' id='line_1_82' title="bbox 992 2956 1710 3001; baseline -0.008 -10"><span class='ocrx_word' id='word_1_578' title='bbox 992 2961 1071 2991; x_wconf 83' lang='lat' dir='ltr'>culis</span> <span class='ocrx_word' id='word_1_579' title='bbox 1095 2960 1244 3001; x_wconf 84' lang='lat' dir='ltr'>(maxime</span> <span class='ocrx_word' id='word_1_580' title='bbox 1272 2960 1302 2988; x_wconf 90' lang='lat' dir='ltr'>iu</span> <span class='ocrx_word' id='word_1_581' title='bbox 1328 2957 1432 2996; x_wconf 87' lang='lat' dir='ltr'>initio)</span> <span class='ocrx_word' id='word_1_582' title='bbox 1454 2956 1589 2996; x_wconf 84' lang='lat' dir='ltr'>reperiet</span> <span class='ocrx_word' id='word_1_583' title='bbox 1616 2966 1710 2986; x_wconf 89' lang='lat' dir='ltr'>unum</span> 
     </span>
     <span class='ocr_line' id='line_1_83' title="bbox 992 2997 1710 3044; baseline -0.008 -10"><span class='ocrx_word' id='word_1_584' title='bbox 992 3015 1060 3034; x_wconf 86' lang='lat' dir='ltr'>esse</span> <span class='ocrx_word' id='word_1_585' title='bbox 1074 3014 1153 3044; x_wconf 87' lang='lat' dir='ltr'>opus</span> <span class='ocrx_word' id='word_1_586' title='bbox 1164 3001 1354 3033; x_wconf 56' lang='lat' dir='ltr'>-&#39;w⁷r0&#39;62zrav</span> <span class='ocrx_word' id='word_1_587' title='bbox 1381 3002 1429 3031; x_wconf 78' lang='grc' dir='ltr'>τοῦ</span> <span class='ocrx_word' id='word_1_588' title='bbox 1450 2999 1533 3039; x_wconf 83' lang='grc' dir='ltr'>λόγου</span> <span class='ocrx_word' id='word_1_589' title='bbox 1556 3000 1640 3031; x_wconf 63' lang='lat' dir='ltr'>nomina</span> <span class='ocrx_word' id='word_1_590' title='bbox 1661 2997 1710 3029; x_wconf 60' lang='grc' dir='ltr'>καὶ</span> 
     </span>
    </p>
   </div>
  </div>
 </body>
</html>
