1819 3219
700 208 1032 250 PRAEFATIO.
1381 230 1385 234 ·
1530 213 1581 254 31

146 315 374 367 expellenti:
406 315 515 366 quasi
544 316 655 366 copia
683 315 898 354 laboremus
927 317 1163 367 ingeniorum
1188 318 1325 356 studiis
1345 320 1584 360 scholasticis

146 377 428 416 innutritorum.
471 378 555 415 Nos
570 390 675 424 vero,
696 377 726 415 si
747 390 823 426 qua
838 391 877 416 re
897 378 969 415 alia
989 391 1176 428 caremus,
1195 379 1504 420 adolescentibus
1525 384 1585 421 vel

144 439 306 477 maxime
327 453 511 484 caremus,
533 439 674 477 Graece
698 439 909 490 Latineque
939 440 1181 488 callentibus,
1209 446 1247 478 et
1270 441 1323 478 rei
1343 442 1585 482 scholasticae

143 501 322 551 gerendae
342 501 497 539 deditis.
510 524 563 528 —
578 501 695 538 Venit
711 501 839 539 adhuc
860 501 896 538 in
914 508 1078 539 mentem
1095 500 1306 538 editionum
1325 502 1450 552 Lysiae
1472 517 1584 554 supe-

142 563 232 601 riori
252 563 382 601 seculo
408 563 445 600 in
467 562 673 600 Germania
704 562 956 613 proditarum,
986 562 1255 608 Hanoviensis,
1285 569 1337 609 et,
1367 577 1453 614 quae
1482 564 1603 604 illam⁴

144 625 368 670 recentavit,
390 625 692 675 Marpurgensis.
748 624 891 662 Verum
920 631 1077 674 praestat
1098 624 1146 662 de
1169 624 1242 662 illis
1264 630 1404 672 tacere,
1424 639 1583 676 quarum

143 685 278 737 exigua
306 691 372 724 aut
399 686 528 736 potius
557 686 659 724 nulla
688 685 736 723 sit
764 685 983 724 auctoritas.
1040 686 1169 723 Unum
1199 686 1273 724 hoc
1299 686 1461 724 sufficiat
1481 700 1504 725 a
1523 700 1583 726 me

144 753 483 786 commemoratum
503 760 602 793 esse,
626 747 904 785 Hanoviensem
926 760 1001 785 non
1023 746 1162 785 referre
1184 746 1349 785 fideliter
1368 749 1584 799 exemplum

143 809 434 859 Stephanioum,
457 809 524 846 sed
545 809 719 846 vitiosam
749 814 787 847 et
807 809 1102 847 contaminatam
1133 821 1215 846 esse
1244 808 1494 857 conjecturis,
1515 823 1584 849 seu

142 870 311 908 Andreae
327 870 491 916 schotti,
509 884 575 908 seu
598 870 733 909 lodoci
752 883 825 908 van
844 870 914 908 der
933 870 1097 909 Heiden.
1128 871 1225 908 Haec
1245 870 1294 908 ad
1313 870 1464 922 Lysiam
1484 885 1584 922 prae-

142 931 240 970 fanti
260 931 352 969 mihi
371 938 461 982 post
480 932 700 983 Taylorum,
719 932 785 982 qui
807 932 963 969 meliora
990 945 1158 983 quaeque
1187 931 1332 970 dudum
1362 934 1594 984 occupavit‚·

143 994 430 1040 succurrebant,
451 1007 539 1044 quae
561 1000 613 1042 ut,
629 993 815 1032 benevole
833 993 969 1039 lector,
989 993 1091 1044 aequi
1109 993 1278 1045 bonique
1296 994 1451 1044 habeas,
1469 996 1582 1034 etiam

141 1059 258 1106 atque
274 1055 390 1093 etiam
410 1061 447 1094 te
466 1068 573 1106 rogo.
629 1054 773 1106 Scripsi
791 1054 933 1105 Lipsiae
954 1054 993 1094 d.
1012 1059 1078 1093 20.
1098 1055 1232 1094 Martii
1253 1059 1370 1097 1772.
