1839 3229
217 161 329 211 424

793 169 1106 214 ΛΥΣΙΟΤ

215 304 373 350 ματων
400 279 554 350 ἐχθροὶ)
578 305 669 334 oeU'''¹
671 306 714 334 ov
739 282 972 348 ἠ’γέισθαί.
1010 308 1056 336 OU
1088 309 1179 371 γαρ
1203 308 1343 377 μίκξα
1373 308 1436 337 7·oe
1463 283 1670 376 ἁμαρτή-

215 379 355 423 ματα
389 354 482 408 ovd&
519 379 787 444 σθ’γῒνωμης
819 354 936 422 ἄξια
976 355 1069 409 Ουὸ
1104 356 1272 410 ἐλπίδα
1306 382 1579 453 παρεχοντα
1613 385 1670 419 ως

118 447 197 484 517
218 426 347 483 ’ἔσται
375 454 450 482 του
478 434 636 484 λοιποῦ
663 430 868 493 ζελτῖων,
888 431 1000 483 οἷλλ
1027 430 1137 483 οὕτω
1163 433 1475 527 πεπραγμένα
1501 458 1580 486 και
1611 433 1669 493 εἷς

119 520 196 555 518
217 504 454 558 1τοσοῦτον
475 505 644 564 κακίας
661 506 913 575 οἷφιγμὲνα,
935 503 1035 564 264⁷

215 590 417 650 τιμεΐται
449 604 549 639 τους
582 579 773 647 ἓχθρους
797 578 1164 646 αἶα-χύνεσθαιῧ
1148 605 1235 647 ε’γω
1264 606 1435 652 μεντοι,

1055 505 1101 533 2
1085 531 1307 566 επινικιοις
1325 531 1379 558 ων
1400 530 1521 567 ουτος
1540 523 1667 572 φιλο-

1473 582 1498 603 ¹3·
1537 580 1557 601 ,Ι

1462 590 1493 633 ὠ
1522 581 1669 657 ανδρες

214 652 452 716 danao-roca,
481 678 559 706 και
587 653 790 748 πρότερον
816 678 924 741 προς
953 679 1055 714 τους
1087 680 1298 748 πατερας
1328 656 1429 726 ἡμῖν
1460 653 1668 750 διαφορᾶς

532 833 541 852 ¹
558 835 679 865 τοσοῦτο
692 835 730 866 Τ.
743 835 783 865 R.
795 833 836 866 A

252 911 351 952 οὕτω]
376 912 448 941 Sine
463 910 557 942 dubio
579 911 651 941 huic
670 911 819 942 adverbio
836 912 918 942 aliud

209 956 279 985 olim
294 956 349 984 fuit
361 956 511 990 additum,
527 965 586 994 quo
599 965 677 984 nunc
689 966 838 990 caremus,
853 967 878 985 e.
891 968 918 986 c.

208 997 356 1038 Βδελυξῶς,
367 1004 418 1028 aut
433 1000 553 1038 μιαρῶς,
566 1003 617 1027 aut
631 997 732 1027 simile
744 999 919 1037 quodpiam.

209 1041 331 1071 Rmsx.
368 1042 456 1076 Mihi,
474 1046 507 1071 ut
522 1048 552 1071 et
568 1041 711 1078 Reiskio,
726 1042 849 1072 videtur
864 1043 918 1073 de-

208 1095 277 1114 esse
294 1085 471 1114 adverbium
485 1085 620 1124 aliquod.
643 1084 784 1114 AUGER.

252 1126 339 1161 ’Ώςτ’
352 1126 487 1161 ἐπινικίοις
496 1139 562 1158 κ.τ.
573 1128 618 1168 λ.]
634 1128 732 1157 Multa
745 1138 842 1158 meum
857 1133 917 1158 sto-

208 1171 346 1200 machum
362 1171 394 1200 in
409 1172 466 1200 hoc
481 1175 627 1200 commate
644 1176 778 1206 movent,
791 1182 916 1210 quorum

209 1214 436 1253 unumquodvis
458 1214 483 1243 si
506 1215 574 1253 quis
598 1224 788 1253 concoquere
808 1216 919 1254 possit,

208 1257 323 1287 irritam
340 1268 436 1287 meam
458 1257 696 1287 emendationem
717 1258 794 1286 bona
817 1263 919 1288 nostra

209 1311 276 1329 cum
302 1301 392 1330 venia
415 1301 526 1330 habere
551 1305 671 1339 potest:
694 1299 848 1335 Ἐπινικίοις
873 1301 918 1329 αἰ-

207 1342 364 1384 σχύνεσθαι
386 1345 464 1374 male
485 1343 620 1374 dicitur:
643 1343 721 1373 male
744 1355 864 1383 quoque
883 1342 918 1374 ὧν

206 1389 418 1426 φιλοτιμεῖται,
435 1387 466 1417 in
486 1398 522 1417 eo
540 1388 646 1417 saltem
664 1398 754 1416 sensu
770 1388 820 1416 τοῦ
838 1393 918 1426 φιλο-

205 1430 367 1469 τιμεῖσθαι,
390 1441 448 1470 quo
469 1430 519 1460 hic
538 1431 697 1470 accipitur.
744 1432 917 1470 Utrumque

204 1474 357 1503 constabit
379 1485 419 1503 ex
444 1474 499 1503 hac
520 1473 588 1513 ipsa
610 1474 747 1503 oratione
769 1474 806 1502 ad
830 1476 916 1504 linem

204 1522 369 1555 vergente:
399 1516 492 1551 “Ὠςτε
518 1515 575 1546 ἐπὶ
599 1516 654 1557 μὲν
671 1518 731 1551 τοῖς
747 1518 845 1551 καλοῖς
866 1518 916 1546 αἰ-

203 1559 430 1600 σχύνεσθαι,
455 1558 514 1590 ἐπὶ
539 1559 566 1590 δὲ
582 1561 641 1593 τοῖς
663 1560 788 1594 κακοῖς
811 1566 917 1600 φιλο·
952 1558 960 1569 ’

202 1602 412 1642 τιμεῖσθαι.
454 1603 560 1633 Tertio
588 1607 700 1638 autem,
728 1614 795 1633 nam
821 1604 917 1633 multa

201 1650 317 1677 restant
345 1647 486 1683 dicenda,
512 1651 545 1676 ut
567 1647 598 1677 ob
624 1647 752 1676 victor-ite
774 1647 916 1687 insignia,

201 1690 305 1728 quibus
320 1690 487 1720 Alcibiades
504 1690 665 1731 gloriatur,
684 1690 797 1720 inimici
814 1690 915 1720 erube·

200 1738 282 1762 scant
305 1733 381 1774 (quo
405 1738 495 1773 pacto
516 1734 554 1762 ab
575 1733 731 1763 incurioso
750 1732 916 1772 interprete

201 1786 290 1805 versa
317 1777 381 1806 haec
405 1777 498 1806 verba
520 1776 695 1817 habemus),
719 1776 757 1806 ad
781 1776 916 1812 laudem,

200 1829 258 1848 non
272 1820 310 1849 ad
320 1819 472 1849 infamiam
483 1820 656 1850 omnimodo
669 1819 813 1859 pertinet.
835 1821 915 1849 Nam

201 1861 226 1890 si
246 1863 420 1898 Persarum,
438 1867 524 1902 puta,
539 1866 659 1902 gentem
673 1862 803 1901 pudebat
813 1873 913 1892 rerum

201 1905 382 1935 Marathone
399 1911 565 1944 gestarum,
583 1916 659 1935 anne
681 1906 798 1934 idcirco
818 1906 915 1935 minor

200 1953 266 1977 erat
286 1954 337 1978 aut
358 1948 548 1978 inhonestior
568 1948 725 1989 φιλοτιμία
741 1948 914 1978 Miltiadis?

201 1990 234 2020 Si
256 1992 352 2021 cladis
376 1992 558 2027 Salaminiae,
581 2002 656 2020 anne
677 1990 915 2021 Themistoclis?

201 2034 249 2063 Ad
263 2034 403 2063 inimicos
416 2045 514 2070 meos,
525 2035 549 2064 si
565 2034 617 2073 qui
630 2034 703 2063 mihi
715 2034 913 2072 contigerint,

201 2077 331 2108 τοιαύτην
346 2076 472 2107 ἐπελθεῖν
492 2077 628 2118 αἰσχύνην
642 2077 770 2106 nimium
792 2077 913 2107 vellem.

202 2122 232 2149 4.
248 2121 280 2150 Si
297 2125 439 2159 ageretur
457 2122 496 2150 de
517 2121 608 2150 laude
628 2120 766 2161 militari,
781 2131 840 2150 non
857 2120 914 2150 uti-

201 2174 259 2202 que
273 2164 408 2193 dixisset
423 2163 554 2205 ἐχθροὺς,
570 2164 624 2193 sed
640 2162 805 2204 πολεμίους.
853 2164 912 2193 Sed

201 2209 231 2237 5.
246 2207 284 2236 de
299 2218 334 2236 ea
352 2218 408 2236 non
425 2208 559 2236 dicitur:
577 2217 645 2236 cum
660 2207 696 2236 ad
714 2207 852 2246 privatas
867 2206 914 2236 vi-

201 2255 240 2278 1ae
266 2251 399 2280 rationes
424 2254 508 2279 totus
533 2250 582 2279 hic
607 2251 694 2279 locus
720 2255 850 2290 spectat.
883 2252 913 2280 6.

202 2293 334 2328 demum,
358 2299 389 2322 et
413 2294 531 2329 ultimo,
557 2294 596 2322 τοὶ
618 2292 736 2323 ἐπινίκια
759 2294 808 2322 hic
833 2297 914 2322 stare

201 2337 316 2374 nequit.
348 2337 442 2366 Erant
456 2337 535 2365 enim
552 2334 687 2366 Ἐπινίκια
704 2342 756 2366 aut
770 2338 860 2366 Festa
876 2338 915 2365 ob

202 2379 360 2408 victoriam
385 2379 450 2409 sive
477 2379 506 2408 in
531 2380 670 2414 theatris,
695 2380 760 2409 sive
782 2379 811 2408 in
833 2380 916 2409 ludis

201 2421 345 2460 publicis,
369 2422 435 2451 sive
459 2422 592 2461 denique
613 2423 693 2452 bello
709 2427 826 2461 partam
843 2433 914 2452 con-

202 2465 365 2495 celebrata.
413 2464 559 2495 Σωσικλέα
581 2465 627 2495 τᾶν
647 2464 793 2506 Κορωνῆθεν
810 2466 847 2505 (l.
865 2472 913 2494 Ko-

202 2507 339 2548 λωνῆθεν)
355 2507 469 2540 Πυθίοις
486 2508 642 2538 νενικηκότα
663 2509 783 2543 ποιητὰς
803 2510 914 2539 εἱστιῶ-

201 2562 256 2590 μεν
275 2551 320 2580 τὰ
343 2550 519 2580 ἐπινίκια.
566 2552 723 2581 Plutarch.
745 2552 863 2588 Quaest.
885 2555 915 2582 4.

203 2596 346 2634 Sympos.
370 2594 525 2623 Problem.
551 2597 580 2624 2.
612 2595 681 2624 Vid.
702 2594 816 2624 Athen.
840 2595 861 2625 l.
886 2599 915 2625 1.

205 2638 267 2668 etl.
279 2638 324 2675 5.,
338 2637 419 2667 Plat.
432 2637 572 2675 Sympos.
588 2637 665 2672 init„
679 2638 798 2667 Meurs.
816 2639 915 2667 Graec.

203 2681 304 2710 feriat.
348 2680 413 2710 Aut
436 2684 521 2709 erant
537 2680 611 2709 Dies
627 2681 710 2710 Festi
731 2680 818 2709 istius
835 2681 916 2710 cele-

206 2724 326 2759 brandi,
343 2728 393 2753 aut
411 2721 553 2752 Victoriae
568 2729 675 2762 partae.
719 2723 752 2752 Οἳ
768 2722 851 2753 τοίνυν
864 2735 916 2763 χο-

207 2778 241 2806 ςοι
259 2767 363 2801 πάντες
378 2766 401 2796 οἳ
416 2765 569 2804 γιγνόμεναι
590 2776 636 2795 και
659 2766 680 2795 οἳ
699 2777 822 2806 χοαηγοι
841 2765 917 2795 δηλον

207 2809 248 2839 ὅτι
263 2812 319 2843 τὰς
336 2808 402 2862 μὲν
412 2808 543 2849 ἡμέρας
565 2807 714 2844 ἐκείνας,
738 2808 772 2841 ἃς
785 2807 916 2848 συνερχό-

206 2851 316 2893 μεθα
306 2863 355 2882 E'Kb
371 2863 418 2882 702¹
428 2853 523 2904 ἀῖῶνῧι
538 2853 616 2881 κατα
631 2863 686 2884 Τᾶς
696 2849 833 2903 μαὶίτξίᾱς
847 2863 917 2902 'r'dv-

205 2907 273 2932 τας,
299 2906 367 2936 ωεςι
384 2895 475 2925 αὐτῶν
493 2894 730 2935 στεφανούμεθα,
744 2893 844 2933 ὁμοίως
858 2892 873 2922 δ’
886 2905 918 2923 τε

205 2939 324 2977 μέλλων
338 2939 422 2979 νικᾷν,
437 2950 485 2968 και
501 2950 513 2967 ο
529 2938 648 2968 πάντων
664 2948 791 2970 υστατος
806 2937 916 2975 γενησε-

752 2981 759 2990 «
795 2979 802 2988 x
856 2980 863 2989 ν
902 2981 918 2989 κ

116 746 195 781 519
212 751 522 805 υπαξχουσης,
552 752 630 780 κοιι
656 731 817 781 τεν-σέλαι
845 753 1000 781 τουτον
1025 728 1238 806 ἐχθρω)
1213 730 1468 801 ἠ’γούμενος,
1496 755 1576 783 και
1602 755 1667 784 νυν
1684 749 1737 784 35

1073 836 1112 855 ²
1103 835 1150 867 εντ’
1164 836 1236 871 ἐνίοις
1253 839 1291 867 R.
1304 837 1344 868 A.

954 911 1016 942 τότ’
1039 912 1086 944 ἤδη
1111 915 1304 953 στεφανοῦται
1331 914 1343 943 ὁ
1369 915 1455 945 νικῶν.
1505 915 1666 945 Demosth-

954 957 1027 986 adv.
1045 957 1186 987 Midiam.
1232 957 1297 987 Aut
1321 963 1405 987 erant
1426 958 1559 987 carmina
1579 958 1610 987 in
1626 958 1666 987 iis

954 999 1063 1028 diebus
1085 1000 1209 1029 recitari
1232 1000 1332 1031 solita.
1378 1000 1559 1040 Cujusmodi
1582 1005 1668 1030 erant

955 1042 1082 1072 Pindari
1102 1054 1289 1082 quaecnnque
1312 1047 1486 1082 supersunt,
1508 1043 1668 1084 Euripidis

952 1085 1025 1114 item
1046 1087 1176 1125 hymnus
1192 1087 1222 1115 in
1239 1085 1443 1117 Alcibiadem.
1487 1085 1669 1121 Ἀλκιβιάδης

955 1128 983 1158 δὲ
999 1127 1154 1168 Ὀλύμπιοι
1168 1130 1281 1162 νικήσας
1297 1129 1406 1169 ἅρματι
1422 1131 1531 1170 πρῶτος
1545 1129 1593 1159 καὶ
1607 1129 1668 1160 δεύ·

955 1181 1030 1213 τερος
1045 1172 1093 1201 καὶ
1109 1172 1258 1212 τέταρτος,
1274 1173 1312 1206 εἰς
1328 1173 1361 1206 ἃς
1375 1172 1451 1208 νίκας
1465 1172 1513 1202 καὶ
1526 1171 1668 1212 Εὐριπίδης

955 1214 1078 1255 ἕγξαψεν
1093 1214 1273 1246 ἐπινίκιον.
1296 1215 1410 1246 Athen.
1423 1217 1446 1246 l.
1461 1219 1492 1245 1.
1509 1215 1575 1246 init.
1605 1216 1668 1245 Cu-

951 1259 1001 1296 jus
1024 1260 1274 1298 ἰιποσπαα-μάτιον
1297 1259 1470 1291 reservavit
1491 1259 1578 1289 nobis
1593 1258 1668 1289 Plu-

956 1302 1076 1332 tarchus
1096 1302 1125 1331 in
1140 1303 1193 1332 vit.
1211 1302 1366 1332 Alcibiad.
1410 1301 1614 1332 “Affirmavit
1636 1312 1669 1332 se

954 1344 1057 1374 laetum
1083 1344 1161 1375 inter
1191 1345 1279 1374 laetos
1306 1349 1495 1375 cantaturum
1519 1344 1669 1383 Epinicia,

955 1398 1021 1426 quae
1041 1389 1103 1427 jam
1128 1398 1206 1417 nunc
1233 1388 1291 1418 sibi
1315 1389 1455 1427 componi
1479 1387 1668 1427 oporteret.”

954 1432 1080 1460 Sueton.
1095 1432 1167 1460 Ner.
1181 1434 1232 1462 43.
1279 1432 1342 1461 Aut
1365 1436 1450 1461 erant
1465 1431 1597 1470 denique
1612 1430 1669 1462 Vi·

954 1475 1058 1503 ctoriae
1085 1475 1211 1513 praemia
1233 1473 1383 1504 militibus
1407 1474 1558 1513 gregariis
1584 1475 1668 1511 data,

954 1527 1022 1555 quae
1036 1517 1186 1556 νικητήρια,
1203 1517 1334 1556 ἀριστεῖα
1349 1522 1437 1546 vocat
1448 1517 1532 1548 Poll.
1546 1517 1604 1546 VI.
1616 1520 1669 1548 41.

1136 1559 1322 1571 xxxxx

952 1603 1091 1643 νικητῆςια
1105 1603 1213 1633 ταύτά.
1250 1593 1419 1633 Phavbrrn.
1451 1603 1536 1642 Lego
1552 1602 1667 1642 igitur:

945 1644 1036 1681 “Ὠςτ’
1063 1645 1123 1676 ἐπ’
1146 1645 1290 1679 ἐκείνοις
1320 1644 1367 1680 οἷς
1396 1644 1475 1680 οὗτος
1503 1646 1669 1686 φιλοτιμεῖ-

952 1701 1016 1730 ται,
1039 1690 1104 1723 τοὺς
1126 1689 1248 1730 ἐχθροὺς
1272 1688 1476 1730 αἰσχύνεσθαι.
1506 1690 1666 1720 TAYLOR.

954 1732 1036 1762 Dedi
1058 1733 1098 1762 de
1124 1743 1191 1762 meo
1213 1731 1259 1762 ἐπ’
1282 1731 1364 1766 ἐνίοις.
1386 1743 1472 1772 super
1494 1733 1669 1772 quibusdam

952 1786 1062 1810 eorum,
1078 1777 1112 1805 de
1128 1776 1232 1815 quibus
1246 1775 1293 1805 hic
1306 1776 1470 1816 gloriatur.
1493 1776 1612 1806 Rmsx.

995 1819 1096 1860 Ἡμῖν]
1118 1818 1222 1857 Ἢμῶν.
1248 1821 1388 1850 δεΑιῐῦ.
1422 1819 1516 1848 Nulla
1532 1818 1668 1849 necessi-

951 1868 1013 1891 tate
1036 1863 1135 1891 locum
1159 1862 1356 1892 sollicitandi.
1400 1862 1477 1891 Plus
1501 1861 1579 1892 dicit
1601 1862 1670 1902 ἡμῖν

951 1905 1080 1945 διαφορᾶς
1106 1904 1296 1945 ὑπαρχούσης,
1320 1905 1408 1944 quasi
1431 1905 1485 1934 illa
1514 1904 1668 1945 simultas,

951 1958 1019 1986 quae
1035 1948 1112 1976 inter
1128 1954 1231 1986 patres
1248 1947 1434 1981 intercessit,
1447 1947 1484 1976 ad
1501 1946 1578 1977 filios
1591 1958 1668 1986 quo-

951 2001 1010 2029 que
1027 1991 1232 2020 descenderit.
1256 1990 1387 2029 Πατρῷον
1402 1988 1482 2028 αὐτῷ’
1496 1988 1574 2028 φίλον
1588 1989 1666 2020 ὄντα.

951 2033 1075 2063 Lucian.
1086 2033 1116 2062 in
1129 2033 1249 2063 Timon.
1264 2034 1422 2064 TAYLOR.
1446 2032 1568 2068 Scribe,
1579 2033 1667 2073 ἧμῶν.

951 2082 982 2106 et
1007 2081 1076 2117 post
1105 2074 1293 2118 αἰσχύνεσθαι
1321 2076 1495 2105 addendum
1519 2080 1596 2114 puto
1623 2076 1667 2108 ἄν.

952 2121 1168 2151 MARRLAND.
1217 2119 1301 2160 Erga
1329 2124 1427 2158 patres
1449 2123 1569 2155 ηοετνοε,
1590 2119 1620 2148 h.
1637 2130 1666 2150 e.

951 2168 1037 2202 pater
1059 2164 1126 2201 ejus
1149 2162 1255 2192 oderat
1273 2171 1391 2198 meum3
1415 2167 1445 2191 et
1459 2171 1546 2191 meus
1562 2166 1668 2192 contra

949 2211 1065 2246 patrem
1082 2205 1179 2236 illius.
1195 2206 1262 2245 ἦμῖν
1278 2206 1356 2235 bene
1374 2205 1479 2235 habet.
1502 2206 1571 2234 Non
1585 2205 1666 2235 enim

950 2250 987 2279 ad
1005 2249 1102 2279 solum
1119 2249 1326 2288 restringitur,
1349 2247 1490 2287 quisquis
1507 2251 1566 2281 est,
1581 2253 1666 2278 acto-

949 2303 1013 2322 rem
1040 2293 1131 2332 hujus
1155 2302 1268 2328 causae,
1291 2291 1346 2321 sed
1370 2301 1438 2320 cum
1462 2291 1516 2320 illo
1540 2291 1667 2330 ejusque

950 2337 1156 2371 consortibus,
1171 2345 1229 2365 una
1242 2345 1361 2374 quoque
1373 2333 1567 2364 Alcibiadem
1580 2334 1662 2372 ejus-

950 2389 1008 2417 que
1025 2379 1139 2408 amieos
1153 2383 1183 2408 et
1196 2379 1364 2408 advocatos
1379 2375 1615 2416 complectitur:
1631 2380 1662 2406 et

950 2422 979 2451 in
1003 2422 1141 2461 patribus
1168 2432 1226 2451 non
1251 2421 1349 2450 solum
1376 2423 1480 2458 patres
1505 2418 1580 2457 ipsi,
1607 2420 1662 2449 sed

950 2465 1039 2495 etiam
1053 2465 1102 2494 avi
1116 2464 1295 2504 paternique
1306 2463 1493 2501 maternique
1507 2462 1663 2492 continen-

950 2512 1001 2538 tur
1028 2513 1088 2537 tarn
1118 2508 1232 2538 actoris
1258 2517 1347 2546 quam
1376 2505 1432 2535 rei.
1483 2505 1662 2535 Necessarii

951 2551 1022 2586 mei,
1050 2551 1105 2589 ait,
1130 2561 1199 2580 cum
1228 2547 1410 2579 necessariis
1441 2549 1509 2587 ejus
1540 2552 1661 2578 mutuas

952 2574 1136 2624 exercebant
1152 2593 1331 2622 simultates.
1355 2592 1476 2620 Rmsx.

993 2635 1128 2677 Ἐχθςόν]
1145 2635 1267 2677 Πότερον,
1280 2634 1374 2664 Coisl.
1396 2633 1491 2663 Ratio
1504 2633 1594 2672 hujus
1609 2643 1661 2663 va-

950 2680 1068 2709 rietatis
1091 2680 1214 2709 videtur
1236 2688 1313 2713 esse,
1337 2677 1418 2716 quod
1441 2676 1514 2706 olim
1537 2676 1567 2705 in
1593 2675 1662 2715 qui-

951 2723 1007 2751 bus
1010 2723 1041 2752 d.
1068 2722 1167 2751 Codd.
1195 2720 1321 2760 πρότερον
1349 2720 1425 2760 (ηοη
1454 2718 1581 2759 πότερον)
1604 2729 1661 2758 pro

951 2767 1052 2794 ωὰλαι
1076 2765 1247 2804 legebatur,
1269 2763 1349 2802 quod
1365 2762 1456 2792 modo
1469 2762 1664 2793 occurrebat.

951 2809 1105 2838 TAYLOR.
1151 2808 1186 2836 In
1214 2807 1316 2835 causis
1341 2805 1515 2835 forensibus
1540 2815 1663 2844 semper

953 2850 1143 2889 requirebant
1162 2849 1285 2889 judices
1308 2849 1345 2878 ab
1369 2853 1470 2878 actore
1490 2858 1597 2878 causas
1612 2858 1663 2878 ac-

953 2893 1133 2928 cusationis3
1158 2893 1186 2922 in
1209 2892 1320 2932 quibus
1338 2893 1385 2921 vel
1408 2891 1553 2931 princeps
1569 2890 1663 2921 habe-

953 2937 1042 2965 batur
1063 2937 1077 2966 ἣ
1101 2934 1208 2977 ἕχὲςα,
1233 2935 1369 2964 simultas
1393 2938 1525 2970 vetusta,
1550 2939 1602 2964 aut
1624 2934 1662 2963 ab
1698 2947 1703 2949 ⁴
