1819 3219
671 183 862 225 LYSIAE
896 183 1047 226 VITA.
1540 187 1595 232 37

140 293 285 327 etcum
304 287 548 326 dominorum
569 287 734 327 fortunis
754 289 1000 328 commutatis
1029 289 1143 327 etiam
1173 290 1408 329 Tliuriorum
1437 293 1588 340 animis,

139 349 274 400 Lysias
290 351 506 395 Ἀττικίζειν
533 349 714 395 αἰτιαθεὶς
735 352 857 389 solum
878 357 1023 390 vertere
1043 352 1207 402 cogitur,
1226 359 1264 390 et
1284 353 1441 391 domum
1463 368 1587 394 rever-

138 412 236 450 titur
247 412 369 450 Callia
390 413 602 458 Archonte,
619 414 750 464 Olmp.
768 414 901 463 XCII,
919 415 982 452 1ss

191 473 282 518 Quo
302 480 474 524 tempore
493 475 666 513 Athenas
693 475 810 513 rediit
830 475 980 525 Lysias,
1009 488 1146 525 magna
1175 488 1304 514 rernm
1330 480 1585 516 commutatio

137 543 256 587 atque
275 537 473 576 inclinatio
499 537 664 576 fortunae
686 546 894 576 consecuta
924 545 982 576 est
1003 539 1116 577 istam
1142 539 1278 589 Remp.
1338 539 1584 578 Duodecimo

137 598 237 636 enim
251 611 353 637 anno
364 605 457 650 post
469 599 661 638 coloniam
677 599 843 650 Sybarin
855 600 1078 647 deductam,
1090 600 1250 651 Olymp.
1264 613 1320 639 sc.
1334 600 1583 649 LXXXVII,

136 664 176 698 1.
195 667 323 699 ortum
340 667 397 699 est
416 661 558 699 bellum
582 662 681 700 inter
703 662 802 700 duos
824 662 1117 713 potentissimos
1136 662 1320 713 populos,
1342 663 1410 712 qui
1431 676 1582 701 omnem

137 722 333 762 Graeciam
354 723 395 761 in
414 736 502 761 suas
522 729 651 774 partes
664 724 885 769 trahebant,
907 723 1225 762 Lacedaemonios
1247 730 1287 762 et
1298 723 1582 768 Atheniensem

135 783 305 822 omnium
319 783 415 830 fere,
433 797 522 834 quae
541 784 579 822 in
600 785 838 835 superiorum
855 791 1071 835 temporum
1092 785 1351 822 monumentis
1364 785 1583 835 produntur

134 845 344 892 memoriae,
363 851 403 884 et
421 846 675 885 diuturnitate
697 846 880 897 temporis
900 847 1181 898 gravissimum,
1207 853 1245 884 et
1272 847 1439 885 fortunae
1459 848 1583 886 varie-

134 911 214 945 tate
232 908 539 947 celeberrimum.
597 908 888 954 ssellunkinuch
917 909 1091 958 quamvis
1116 909 1282 947 illustres
1313 909 1491 959 utrinque
1512 909 1581 948 lla-

134 967 221 1008 buit
247 977 420 1019 eventus,
451 971 692 1021 maximeque
713 970 851 1021 dignos
878 971 977 1020 stylo
1002 971 1111 1008 istius
1137 970 1355 1021 Scriptoris,
1376 970 1444 1021 qui
1464 971 1581 1009 resin

132 1043 180 1068 eo
201 1038 328 1081 gestas
349 1032 525 1070 oratione
545 1033 769 1083 complexus
784 1037 856 1077 est,
879 1031 972 1069 nihil
1003 1037 1128 1069 tamen
1148 1032 1281 1069 habuit
1301 1032 1406 1070 exitu
1436 1046 1581 1071 memo-

133 1092 294 1131 rabilius
321 1100 438 1145 atque
460 1095 613 1133 insolita
635 1094 805 1133 victoriae
837 1094 949 1132 facie.
1007 1094 1289 1132 Lacedaemonii
1310 1097 1426 1142 enim,
1446 1097 1583 1134 accisis

131 1156 287 1206 penitus
306 1157 599 1196 Atheniensium
619 1158 778 1204 viribus,
807 1163 926 1208 atque
954 1157 1091 1196 aemula
1121 1157 1214 1195 urbe
1243 1158 1370 1207 potiti,
1401 1159 1581 1198 modera-

132 1217 209 1256 tius
229 1218 400 1269 quidem,
420 1232 535 1270 quam
555 1220 680 1258 solent
696 1220 877 1265 victores,
899 1220 936 1258 in
956 1220 1188 1258 debellatam
1208 1226 1358 1270 gentem
1376 1221 1581 1260 consulue-

132 1285 246 1325 runt;
276 1286 394 1331 atque
422 1281 517 1320 iram
545 1281 737 1320 diuturnis
758 1281 965 1320 inimicitiis
987 1287 1026 1319 et
1045 1281 1357 1319 contentionibus
1375 1294 1580 1321 accensam

131 1341 405 1394 terminabant,
426 1356 504 1381 non
524 1344 560 1381 in
581 1344 687 1382 Urbe
707 1344 835 1382 diruta
853 1350 920 1382 aut
939 1343 1121 1382 servitute
1141 1343 1306 1388 Civium,
1330 1343 1395 1381 scd
1418 1343 1455 1381 in
1485 1358 1580 1395 ope-

130 1415 210 1441 ram
231 1403 360 1442 dando
379 1404 551 1444 factiosis
581 1406 815 1457 quibusdam
844 1406 1020 1452 Civibus,
1043 1406 1109 1456 qui
1129 1405 1242 1457 Reip.
1270 1406 1425 1456 pertaesi
1458 1406 1581 1457 impe-

130 1463 228 1503 rium
247 1478 269 1503 a
287 1466 439 1516 Populo
467 1467 516 1505 ad
538 1468 688 1506 Paucos
709 1469 934 1506 translatum
958 1468 1175 1506 voluerunt.
1233 1468 1289 1505 Ea
1311 1467 1386 1506 fuit
1405 1467 1580 1506 domina-

129 1526 184 1564 tio
205 1527 625 1580 XXX-Tyrannornm.
672 1530 718 1568 In
737 1543 818 1580 quo
833 1530 966 1581 gloriae
983 1537 1021 1568 et
1037 1530 1190 1580 imperii
1204 1529 1304 1567 flexu
1319 1529 1414 1567 nihil
1434 1531 1582 1580 populo

129 1587 319 1627 libertatis
349 1591 570 1629 avidissimo
601 1591 863 1630 calamitosius
892 1591 1069 1630 accidere
1090 1591 1230 1642 potuit,
1253 1604 1367 1642 quam
1389 1591 1517 1630 videre
1539 1606 1579 1630 se

129 1649 371 1700 imperiosius
386 1665 409 1689 a
423 1652 501 1690 suis
521 1653 670 1690 civibus
690 1654 858 1699 tractari,
875 1667 988 1703 quam
1010 1653 1126 1691 ceteri
1147 1653 1274 1690 solent
1294 1652 1344 1690 ab
1363 1653 1475 1691 hoste
1495 1654 1580 1691 irri-

130 1716 225 1749 tato.
283 1712 360 1750 Sed
390 1713 489 1751 hanc
522 1714 636 1764 Reip.
667 1715 1007 1753 commutationem
1037 1720 1291 1764 praecesserat
1311 1715 1426 1752 etiam
1447 1715 1579 1762 altera,

129 1772 235 1812 bello
248 1775 417 1812 nondum
435 1776 629 1822 consecto,
646 1776 804 1827 Olymp.
819 1790 872 1814 sc.
889 1776 1020 1822 XCII,
1036 1779 1073 1814 1.
1090 1775 1155 1813 ubi
1169 1776 1282 1826 Reip.
1300 1789 1448 1813 summa
1460 1789 1579 1826 penes

129 1835 389 1874 CCCC-viros
410 1836 635 1887 aliquandiu
656 1837 846 1875 constitit.
903 1837 1096 1881 Quoniam
1116 1842 1246 1874 autem
1266 1837 1303 1874 in
1322 1837 1444 1874 altera
1465 1838 1579 1889 Reip.

125 1897 376 1936 inclinatione
397 1898 531 1949 Lysias
550 1898 707 1937 domum
728 1912 750 1936 a
769 1898 933 1937 Colonia
959 1897 1086 1944 rediit,
1109 1903 1149 1936 et
1174 1898 1303 1936 notior
1325 1911 1372 1935 ex
1397 1898 1463 1936 illo
1485 1906 1579 1938 tem-

125 1971 223 2010 pore
241 1972 324 1998 esse
343 1960 476 2011 coepit,
495 1961 533 1998 in
563 1960 685 1998 altera
704 1973 792 1998 vero
813 1974 833 1999 a
853 1960 1004 1998 nemine
1027 1959 1176 1998 Civium
1208 1958 1429 1998 calamitate
1464 1973 1578 2012 supe-

125 2021 309 2066 rabatur;
340 2028 378 2060 et
397 2035 485 2060 cum
507 2022 670 2072 plurima
689 2022 728 2060 iu
747 2022 832 2072 ejus
852 2021 1094 2060 orationibus
1111 2021 1397 2067 contineantur,
1420 2034 1510 2072 quae
1528 2022 1585 2061 ad-

126 2088 330 2134 utramque
349 2089 616 2135 tempestatem
638 2084 751 2135 Reip.
779 2090 968 2135 spectant,
989 2084 1078 2122 ideo
1099 2084 1354 2122 necessarium
1375 2084 1467 2123 duxi
1495 2099 1577 2124 me-

124 2144 284 2183 moriam
304 2145 463 2184 istorum
484 2152 701 2197 temporum
722 2146 839 2196 paulo
857 2146 971 2183 altius
992 2151 1180 2196 repetere.

178 2207 277 2246 Belli
297 2207 613 2259 Peloponnesiaci
628 2221 730 2247 anno
743 2209 875 2247 XVII.
893 2208 1152 2246 Athenienses
1166 2207 1419 2259 Syracusanis
1433 2208 1577 2247 bellum

864 2334 954 2368 atque
970 2328 1050 2359 idem
1068 2328 1132 2358 fere
1142 2327 1284 2363 Photius,
1299 2325 1465 2368 Ἀττικίζειν
1476 2327 1574 2358 αἰτια-

863 2371 924 2406 θεὶς
936 2370 1010 2411 μεθ’
1025 2370 1122 2411 ἑτέρων
1136 2373 1216 2412 τριῶν
1232 2369 1351 2409 ἐξέπεσε
1366 2372 1416 2406 τῆς
1431 2372 1575 2411 πατρίδος.

864 2415 994 2445 Rectius
1019 2414 1198 2454 Dionysius,
1221 2414 1435 2447 στασιάσαντος
1457 2415 1508 2444 τοῦ
1527 2415 1572 2446 δὴ-

122 2331 238 2363 rentur,
267 2332 330 2359 tum
359 2328 490 2368 primum
513 2329 611 2370 (quod
634 2333 715 2360 esset
741 2334 832 2361 acuta

121 2370 177 2401 illa
192 2381 266 2410 gens
279 2376 309 2401 et
324 2376 522 2402 controversa
543 2371 663 2413 natura)
685 2377 780 2403 artem
799 2377 830 2403 et

121 2418 275 2454 praeoepta
303 2415 434 2450 Siculos¹
469 2417 616 2445 Coracem
646 2419 677 2445 et
704 2416 830 2451 Tisiam,

120 2457 355 2497 conscripsisse.
398 2459 476 2488 Nam
499 2462 588 2488 antea
608 2458 756 2488 nemiuem
781 2470 828 2490 so-

121 2499 207 2530 litum
223 2501 275 2531 via
290 2511 346 2531 nec
360 2504 437 2538 arte,
454 2502 509 2531 sed
524 2505 666 2531 accurate
681 2505 781 2531 tamen
799 2507 830 2533 et

120 2543 160 2573 de
176 2543 292 2584 scripto
311 2543 472 2584 plerosque
487 2544 612 2574 dicere.'
656 2544 723 2574 Cic.
740 2546 828 2575 Brut.

120 2588 173 2618 46.
200 2587 283 2617 Add.
300 2587 431 2627 Dionys.
443 2587 547 2618 Halic.
563 2587 593 2617 in
612 2589 692 2618 [soc.
716 2587 782 2618 Cic.
798 2593 828 2619 1.

120 2630 160 2659 de
176 2630 264 2661 Orat.
281 2632 332 2661 91.
351 2632 380 2660 Ξ.
396 2631 435 2660 de
451 2632 572 2661 Iuvent.
589 2633 619 2661 6.
637 2630 766 2670 Quintil.
781 2632 827 2661 ΙΙ.

121 2674 174 2709 16,
197 2674 248 2703 1¹7.
285 2673 350 2702 ΙΙΙ.
375 2676 404 2703 1.
451 2674 595 2704 Marcian.
622 2674 739 2714 Capell.
759 2675 780 2704 l.
795 2676 826 2706 5.

119 2715 269 2746 Ammian.
286 2716 458 2746 Marcellin.
473 2717 590 2747 XXX.
607 2720 636 2748 4.
681 2717 760 2754 Quis
775 2728 827 2747 au-

118 2762 182 2788 tem
206 2759 300 2789 fuerit
322 2759 429 2790 Nicias
450 2760 578 2796 Rhetor,
601 2770 689 2800 quem
708 2761 827 2791 audivit

119 2801 246 2838 Noster,
282 2811 386 2841 quaero
422 2803 513 2833 hodie
544 2802 597 2842 qui
632 2804 825 2843 respondeat.

120 2843 200 2873 Nam
215 2845 254 2875 de
275 2855 311 2874 eo
333 2845 416 2884 apud
438 2856 542 2876 omnes
558 2851 697 2876 auctores
715 2851 827 2887 praeter

118 2896 183 2922 eos,
198 2887 251 2926 qui
266 2891 488 2920 contexuerunt
502 2889 593 2919 vitam
608 2889 721 2928 Lysiae,
745 2890 827 2921 altis-

119 2929 227 2959 simum
243 2934 289 2960 est
303 2931 465 2962 silentium.

156 2980 170 2995 ο
182 2969 316 3011 ’stema
330 2973 400 3012 μήτ’
411 2975 505 3005 ἄλλων
516 2977 603 3016 τριῶν·
617 2975 658 3006 ait
671 2976 825 3006 Plutarch.

861 2456 1077 2497 μου,’ἔκπίπτει
1087 2459 1137 2487 σὺν
1150 2458 1247 2492 ἄλλοις
1261 2455 1465 2496 ‘remma-iot
1475 2468 1489 2491 ς
1504 2455 1573 2489 Ἀτ-

861 2500 996 2541 ’τικισ-μόν
1020 2500 1192 2539 ἐγκληθεῖσι.
1245 2501 1424 2539 Quanquam
1456 2499 1573 2531 interea

862 2545 1003 2584 suspicor
1019 2544 1226 2580 Plutarchum,
1241 2543 1292 2583 qui
1312 2543 1413 2582 Lysiae
1435 2547 1496 2572 tres
1512 2543 1572 2574 sra-

861 2591 923 2617 tres
938 2591 1085 2623 numerat,
1104 2587 1346 2621 Polemarchum,
1364 2585 1515 2616 Eudidum
1540 2592 1571 2615 et

861 2631 1058 2670 Brachyllum
1077 2630 1164 2670 (licet
1186 2640 1246 2659 non
1268 2629 1383 2659 diserte
1408 2630 1444 2658 ab
1462 2640 1498 2658 eo
1523 2630 1569 2658 di-

860 2678 965 2704 cantur
981 2684 1039 2703 una
1062 2673 1182 2703 ltaliam
1200 2673 1371 2712 navigasse,
1394 2672 1485 2701 inimo
1500 2682 1569 2701 cum

859 2717 952 2747 fratre
976 2727 1035 2747 uno
1062 2716 1273 2752 Polemarcho,
1297 2715 1378 2754 quod
1399 2720 1497 2744 tamen
1516 2724 1568 2743 ve-

859 2770 925 2790 rum
941 2770 1000 2790 non
1013 2763 1071 2795 est,
1088 2758 1196 2798 Lysias
1212 2769 1246 2788 se
1262 2759 1300 2788 ad
1313 2758 1444 2787 Thurios
1461 2761 1568 2786 contu-

860 2803 933 2833 lisse
956 2804 994 2833 ab
1017 2803 1076 2832 hoc
1092 2802 1242 2842 scriptore
1258 2799 1387 2839 dicitur)
1406 2799 1567 2838 scripsisse

859 2846 962 2885 potius
996 2844 1122 2884 ἒξέωεσε
1158 2842 1229 2885 μετ’
1263 2843 1328 2872 ἅδε
1341 2844 1443 2881 λφῶν
1478 2843 1569 2881 τριῶν.

860 2890 947 2920 Adeo
964 2888 1085 2928 quidam
1102 2893 1172 2918 sunt
1191 2886 1367 2925 scriptores,
1385 2894 1461 2923 quos
1477 2885 1565 2915 etiam

859 2937 965 2962 contra
992 2931 1145 2971 propriam
1175 2930 1262 2959 sidem
1294 2934 1323 2958 et
1358 2927 1566 2959 auctoritatem

859 2975 976 3015 liquido
992 2974 1154 3005 emendare
1167 2972 1281 3012 possis.
