1819 3219
651 193 839 236 LYSIAE
869 191 1024 234 VITA.
1507 185 1577 231 ‘51‘

124 311 246 345 turam
266 303 449 343 Euclides
478 303 572 340 alius
600 301 716 351 gessit
743 300 902 351 Olymp.
924 298 1192 344 LXXXVIII,
1213 303 1249 337 2.
1271 299 1317 336 ad
1340 299 1452 347 cujus
1471 303 1562 335 aeta-

123 373 197 406 tem
219 365 349 404 referri
377 377 400 403 a
426 364 618 402 nonnullis
647 362 760 400 video
787 362 1001 399 Atticarum
1034 361 1227 398 literarum
1261 360 1562 397 conversionem.

123 427 240 471 Quod
269 428 300 465 si
326 426 612 465 consideremus
633 424 926 474 Theopompum
955 423 1037 473 (qui
1065 422 1114 460 de
1133 434 1178 460 ea
1196 434 1249 468 re,
1271 435 1325 459 sc.
1349 434 1425 470 quo
1446 427 1563 470 pacto

122 488 162 527 id
191 489 389 526 consilium
421 494 537 538 atque
566 501 610 525 ea
634 486 761 524 literas
781 484 964 523 exarandi
982 484 1080 522 ratio
1100 483 1150 520 ab
1171 482 1472 521 Atheniensibus
1504 495 1562 525 re-

121 554 237 599 cepta
251 549 380 599 fuerit,
398 549 486 586 olim
504 547 671 599 scripsit)
691 547 740 586 ab
760 547 920 597 Olymp.
935 545 1064 590 XCII,
1080 548 1117 582 2.
1139 544 1335 582 historiam
1356 555 1461 580 suani
1481 555 1564 580 esse

123 622 316 656 exorsum,
335 610 645 648 continuaturum
668 622 722 647 sc.
747 608 848 646 illam
875 608 1029 645 alteram
1058 605 1311 657 Thucydidis,
1336 617 1422 655 quae
1454 604 1493 640 iu
1519 616 1564 641 ea

122 676 237 709 aetate
257 670 409 717 desinit,
431 684 553 721 usque
583 670 631 708 ad
666 683 833 721 pugnam
863 669 1032 707 navalem
1062 680 1182 718 prope
1201 666 1383 712 Cnidum,
1405 665 1564 716 Olymp.

126 731 270 777 XCVI,
292 736 329 769 3.
350 731 534 771 credibile
555 737 613 769 est
633 732 704 769 sub
724 744 771 769 eo
791 730 953 768 Euclide
971 742 1048 767 rem
1079 728 1302 779 contigisse,
1335 727 1401 778 qui
1419 731 1564 777 praetu-

122 804 203 831 ram
232 793 350 843 gessit
378 793 537 844 Olymp.
559 792 704 838 XCIV,
735 795 772 829 2.
793 791 892 830 intra
921 795 1073 829 aetatem
1100 790 1346 840 Theopompi
1381 787 1566 831 historiae,

120 867 198 892 non
219 855 291 892 sub
311 854 482 901 Euclide,
505 855 571 904 qui
592 858 686 892 24t0
706 859 795 892 ante
810 866 910 891 anno
930 866 976 891 eo
997 851 1220 902 magistratu
1240 851 1396 889 functus
1411 856 1483 887 est.
1527 849 1566 886 Si

123 914 185 952 cui
213 914 332 953 levius
361 915 436 954 hoc
465 915 672 960 videbitur,
693 914 909 953 meminerit
937 914 1146 951 institutam
1172 913 1289 951 fuisse
1308 924 1444 949 novam
1465 910 1565 948 hanc

123 975 444 1021 Grammaticam,
466 976 656 1015 Archini*
675 975 919 1026 potissimum
949 975 1110 1013 consilio
1130 980 1168 1012 et
1187 973 1433 1023 auctoritate,
1454 971 1567 1021 cujus

122 1049 240 1088 opera
259 1038 428 1088 populus
448 1040 486 1076 in
507 1037 740 1076 vindicanda
758 1044 798 1076 et
812 1039 851 1075 in
866 1036 1111 1075 reformanda
1129 1036 1229 1086 Rep.
1251 1035 1454 1086 plurimum
1476 1046 1566 1092 usu-s

121 1104 194 1145 est,
214 1105 257 1137 ut
275 1112 363 1137 mox
381 1100 607 1138 videbimus.
656 1098 723 1144 ”H,
746 1099 802 1138 ὅτι
822 1101 922 1150 παρὰ
941 1099 1096 1149 Σαμίοις
1121 1098 1250 1148 εὑρέθη
1276 1099 1429 1149 πρώτοις
1461 1098 1506 1134 τὰ
1527 1097 1569 1134 κδ

125 1160 331 1212 γράμματα
357 1161 429 1198 ὑπὸ
450 1161 749 1211 Καλλιστράτου·
783 1164 831 1203 ὡς
848 1160 1020 1211 ’Ἄνδρων
1040 1160 1079 1197 ἐν
1108 1159 1274 1211 Τρίποδι.
1295 1159 1379 1201 τοὺς
1400 1158 1433 1196 δὲ
1452 1158 1570 1205 Ἀθη-

124 1221 252 1264 ναίονς
270 1220 391 1259 ’ἔπεισε
411 1220 578 1274 χρῆσθαι
598 1228 669 1258 τῶν
690 1221 824 1257 Ἰώνων
845 1224 1066 1270 γράμμασιν
1084 1221 1289 1270 Ἀρχίνους
1311 1221 1352 1270 (l.
1373 1220 1568 1274 Ἀρχῖνος)

123 1285 143 1321 ὁ
177 1282 384 1329 Ἀθηναίου
419 1282 495 1330 (vel
526 1280 748 1330 Ἀθηναῖος)
784 1283 859 1319 ἐπὶ
895 1283 1129 1332 ἄρχοντος
1158 1281 1425 1319 Εὐκλείδου.
1446 1304 1568 1310 ——

124 1346 204 1394 περὶ
225 1343 261 1382 δὲ
282 1352 344 1382 τοῦ
373 1347 574 1386 πείσαντος
602 1344 735 1394 ἱστορεῖ
754 1346 985 1394 θεόπομπος.
1015 1342 1126 1379 Suid.
1156 1343 1194 1379 in
1220 1342 1371 1393 Σαμίων
1397 1345 1415 1379 ὁ
1445 1343 1569 1394 δῆμος.

123 1405 276 1450 Quibus
291 1404 393 1443 adde
410 1405 635 1443 Eusebium:
657 1404 705 1443 Οἱ
718 1405 757 1442 ἐν
773 1404 954 1449 Ἀθήναις
965 1404 1150 1454 Τύραννοι
1165 1403 1434 1451 κατελύθησαν.
1461 1406 1572 1452 Ἀθη-

123 1473 219 1507 ναῖοι
237 1470 389 1518 ἤρξαντο
407 1470 603 1518 στοιχείοις
617 1459 656 1505 [5
673 1466 851 1519 χρῆσθαι,
867 1469 1039 1516 πρότερον
1059 1459 1094 1504 a}
1111 1468 1311 1518 χρώμενοι.

177 1529 220 1565 P.
243 1530 290 1566 A.
312 1535 353 1565 ut
372 1528 465 1572 dixi,
487 1528 734 1566 reconciliata
749 1541 861 1578 pace,
883 1527 932 1564 de
951 1527 1144 1565 abolendo
1175 1528 1307 1565 dolore
1333 1535 1373 1566 et
1400 1529 1567 1579 priorum

125 1594 341 1639 temporum
362 1589 657 1627 necessitatibus
677 1589 796 1639 legem
818 1588 951 1638 tulere,
965 1602 1079 1639 quam
1099 1588 1246 1627 idcirco
1259 1589 1480 1629 Oblivionis
1502 1604 1570 1640 ap-

125 1650 341 1700 pellarunt3
369 1662 530 1700 eamque
563 1652 776 1700 ἀμνηστίαν
803 1649 1059 1698 jurejurando
1079 1649 1396 1689 confirinarunt.†
1453 1653 1571 1696 Quod

127 1743 341 1773 Montefalcon.
358 1742 387 1771 in
398 1743 608 1781 Palaeograph.
625 1744 724 1772 Graec.
735 1743 832 1782 Span-

125 1786 205 1816 heim
228 1786 266 1815 de
285 1796 340 1815 usu
357 1789 389 1814 et
407 1786 583 1824 praestantia
599 1786 832 1816 Numismatum.

127 1829 238 1858 Literae
250 1828 310 1858 illae
325 1828 460 1858 sedecim
476 1833 560 1857 erant

866 1740 975 1781 ἀγαθῶν
1002 1743 1048 1773 καὶ
1077 1742 1248 1783 συμβούλων
1274 1743 1434 1774 σπουδαίων
1462 1745 1579 1786 τυχεῖν.

867 1787 967 1822 Quem
987 1786 1086 1816 locum
1110 1787 1180 1825 lego
1201 1787 1402 1823 emendatius,
1420 1797 1508 1826 quam
1525 1793 1574 1817 est

866 1828 898 1858 in
922 1829 1091 1868 impressis.
1137 1828 1265 1866 Ἀγνοεῖς,
1291 1827 1315 1858 ἆῖ
1340 1829 1487 1869 Κηφεισία,
1511 1842 1574 1862 τους

128 1893 164 1917 Α.
175 1893 206 1918 Β.
220 1893 249 1917 Γ.
263 1892 299 1916 Δ.
311 1892 372 1916 Ε.Ι.
384 1893 416 1917 Κ.
429 1893 465 1916 A.
478 1892 557 1917 M.N.
571 1892 604 1917 Ο.
616 1893 650 1916 Π.
666 1893 695 1916 P.
709 1893 738 1917 Σ.
752 1893 786 1917 Τ.
797 1893 832 1916 T·

169 1945 188 1964 *
203 1945 405 1985 Thrasybulo,
427 1945 477 1984 qui
492 1945 635 1984 populum
653 1945 764 1976 virtute
781 1956 834 1976 sua

127 1989 268 2020 reducem
281 1988 364 2023 fecit,
377 1989 540 2018 Archinum
557 1988 602 2017 τὸν
614 1987 645 2018 ἐκ
660 1989 755 2022 Κοίλης
765 1990 833 2030 (pa-
874 2000 879 2008 ³

129 2042 184 2071 gus
197 2032 222 2062 is
237 2036 282 2061 est
298 2032 419 2066 Atticm,
434 2041 522 2070 quem
536 2032 651 2070 primus
668 2032 835 2061 vindicavit

128 2075 263 2114 optimus
279 2074 427 2113 Sponius)
441 2084 559 2113 semper
575 2075 636 2104 fere
652 2076 835 2114 conjungunt

129 2117 325 2156 Antiquiores
342 2116 526 2156 Scriptores,
542 2117 641 2147 virum
658 2123 687 2147 et
708 2118 834 2147 consilio

132 2164 164 2190 et
176 2160 355 2189 auctoritate
373 2160 598 2199 gravissimum,

130 2225 215 2257 Ἀλλ’
226 2226 238 2256 ὃ
249 2225 304 2266 μὲν
315 2226 347 2267 ἃς
357 2225 479 2266 μύθοισι,
490 2227 502 2256 ὁ
514 2226 535 2256 δ’
547 2226 630 2268 ’ἐγχεῖ
640 2227 741 2258 πολλὸν
753 2227 836 2258 ἐνίκα.

132 2293 239 2324 AEsch.
262 2294 300 2323 de
323 2294 468 2323 ementita
495 2294 586 2333 legat.
606 2305 646 2333 .p.
669 2296 722 2326 51.
755 2296 835 2326 Edit.

132 2337 239 2376 Steph.
283 2337 337 2366 Τοῦ
360 2336 444 2376 δῆμον
466 2336 654 2371 κατελθόντος
677 2337 733 2368 ἀπὸ
748 2340 837 2371 Φυλῆς

132 2379 225 2420 (male
247 2379 276 2409 in
304 2379 396 2409 editis
422 2381 511 2418 φυλῆς
540 2379 629 2410 litera
653 2381 838 2421 minuscula)

132 2421 256 2463 Ἀρχίνου
267 2421 315 2451 καὶ
327 2422 522 2462 Θρασυβούλου
535 2423 715 2462 προστάντων
729 2425 778 2453 τοῦ
794 2424 839 2453 δή·

134 2476 202 2503 μου.
247 2466 406 2495 Demosth.
428 2476 455 2495 c.
477 2465 639 2496 Timocrat.
664 2465 840 2506 Μυρωνίδηςό

134 2506 257 2548 Ἀρχίνου
279 2506 332 2541 υἱός
359 2509 406 2537 τοῦ
436 2506 647 2543 καταλαέὄντος
672 2512 768 2544 Φυλὴν,
792 2509 841 2538 καὶ

135 2550 217 2588 μετά
232 2560 264 2588 γε
279 2551 345 2584 τοὺς
358 2551 439 2585 θεοὺς
451 2551 625 2581 αἰτιωτάτου
640 2550 714 2586 ὄντος
727 2553 778 2585 τῆς
789 2563 841 2581 κα-

135 2591 217 2622 θόδου
231 2592 273 2631 τᾷἲ
289 2592 379 2632 δήμῳ,
405 2593 452 2623 καὶ
474 2594 554 2623 ἄλλα
577 2596 673 2624 πολλὰ
697 2594 744 2623 καὶ
764 2597 841 2625 καλὲ
877 2599 882 2604 ”

137 2635 391 2676 πεπολιτευμένου
419 2636 467 2666 καὶ
497 2636 738 2677 ἐστρατηγηκότος
764 2643 842 2666 ωολ-

137 2677 228 2711 λάκις.
273 2679 417 2708 Dinarch.
444 2679 513 2710 adv.
544 2680 703 2710 Demosth.
756 2679 790 2710 ‘0
813 2678 842 2710 δὲ

139 2719 315 2755 καταλυθεὶς
335 2720 383 2751 ὑπ’
402 2720 503 2752 ἐκείνων
524 2722 609 2761 δημος
632 2723 676 2752 διὰ
698 2734 762 2755 τους
776 2721 842 2753 τότε

141 2762 296 2802 γενομένους
310 2763 377 2803 παρ’
394 2765 461 2803 υμῖν
475 2765 664 2804 συμβούλους,
680 2766 767 2795 πάλιν
781 2767 843 2803 ηγε-

141 2805 202 2843 μῶν
216 2803 246 2835 ἦν
260 2808 314 2835 τῶν
329 2806 472 2838 Ἐλληνων.
490 2807 599 2842 δικαίως
613 2807 705 2846 οἶμαι·
719 2819 845 2849 στρατη-

144 2847 197 2882 γῶν
218 2845 272 2885 μὲν
291 2849 420 2880 τοιούτων
434 2852 611 2891 τετυχηκὼς,
631 2849 687 2880 οῖ’ων
708 2850 783 2881 εἶπον
798 2851 845 2891 οἷς·

145 2897 222 2922 τιως,
237 2889 413 2928 συμβούλους
429 2892 451 2920 δ’
468 2893 542 2933 ’έχων
555 2892 679 2933 Ἀξχῖνον
692 2904 738 2922 και
754 2893 847 2932 Κέφα-

146 2935 192 2958 λον
206 2941 251 2959 τον
266 2933 421 2963 Κολυττέα.
445 2934 500 2974 μία
515 2937 569 2975 γὰρ
583 2934 653 2965 αὕτη
666 2934 788 2976 σωτηρία
801 2947 847 2965 και

866 1871 971 1911 ἄνδξας.
1000 1876 1014 1901 ὴ
1039 1874 1094 1911 μὴν
1116 1871 1190 1910 ἄξιον
1219 1870 1313 1901 εἰδέναι
1340 1871 1464 1912 πατέρων
1493 1871 1575 1902 ’όντων

867 1914 995 1952 ἀγαθῶν,
1011 1915 1056 1943 καῖ
1080 1925 1144 1953 προς
1159 1915 1235 1953 ὑμᾶς
1254 1913 1355 1949 οἰκείως
1367 1914 1496 1956 ἑχόντων.
1519 1916 1531 1944 ὁ
1547 1914 1574 1944 δὲ

867 1956 922 1996 μέν
933 1956 1010 1987 ἔστιν
1021 1958 1181 1996 ἀδελφιδοῦς
1195 1957 1391 1997 Θρασυβούλου
1406 1957 1578 1992 Λυσιθείδης·

869 2012 880 2028 ο
896 1999 923 2029 δὲ
939 1999 1079 2039 Τιμόθεος
1101 2000 1211 2033 Κόνωνος
1230 2000 1293 2035 υἱός,
1314 1998 1385 2030 οὗτοι
1405 2000 1433 2031 δὲ
1451 2000 1576 2042 Ἀρχίνου

869 2042 977 2076 παῖδες.
1004 2043 1160 2083 Plutarch.
1172 2044 1210 2072 de
1225 2043 1322 2072 Genio
1333 2044 1476 2074 Socratis.
1501 2046 1575 2083 Ejus

869 2085 962 2124 igitur
993 2097 1098 2115 nomen
1124 2086 1263 2121 restitue,
1286 2089 1315 2115 1.
1344 2087 1425 2126 apud
1454 2087 1575 2116 Plutar-

870 2130 958 2157 chum
982 2129 1020 2158 de
1038 2129 1124 2158 Glor.
1143 2129 1253 2158 Athen.
1270 2131 1362 2167 juxta
1388 2129 1454 2159 init.
1481 2129 1577 2159 ’Ἅνελε

869 2173 909 2200 τὰ
936 2171 1004 2211 weg}
1032 2172 1244 2202 Ἐλλήσωοντον
1260 2171 1439 2205 Ἀλκιβιάδου
1467 2173 1578 2203 νεανιεύ-

870 2226 968 2252 ματα,
990 2214 1038 2243 καὶ
1061 2217 1101 2245 τοὶ
1124 2214 1188 2254 πρὸς
1206 2213 1312 2247 Λέσβον
1330 2215 1508 2254 Θρασύλλου,
1529 2216 1577 2244 καῖ

871 2259 919 2287 τὴν
936 2256 989 2287 ὑπὸ
1004 2256 1177 2296 Θηραμένους
1197 2259 1249 2291 τῆς
1270 2256 1434 2298 ὀλιγαρχίας
1449 2259 1578 2288 κατάλυ-

872 2311 925 2334 σιν,
937 2299 983 2328 καὶ
995 2300 1188 2339 Θρασύβουλον
1203 2300 1250 2329 καὶ
1266 2299 1296 2328 'A
1307 2302 1387 2340 ςχῖν
1397 2312 1437 2336 ον,
1453 2301 1500 2330 καὶ
1515 2303 1579 2334 τοὺς

872 2342 929 2371 ἀπὸ
945 2344 1043 2376 Φυλῆς.
1089 2343 1169 2373 Male
1190 2342 1467 2384 ὴοᾶίθ”Αςχιππον.
1494 2346 1523 2374 2.
1547 2345 1578 2373 in

873 2386 942 2415 eod.
966 2390 1094 2415 tractatu
1121 2385 1276 2415 Plutarchi
1293 2387 1384 2424 juxta
1406 2386 1505 2416 finem.
1528 2386 1580 2416 Τὸν

872 2429 922 2457 τοῦ
950 2428 1050 2457 Λυσίου
1074 2427 1152 2467 λόγον
1176 2430 1254 2457 κατὰ
1278 2430 1332 2458 τῶν
1354 2429 1504 2468 τριάκοντα
1528 2431 1580 2463 τῆς

874 2470 1069 2510 Θρασυβούλου
1091 2472 1138 2500 καῖ
1161 2469 1192 2500 Ἀ
1202 2470 1328 2512 ςχίνου
1354 2470 1581 2512 τυξαννοκτονίας.

877 2514 956 2543 Male
971 2514 1061 2544 hodie
1074 2518 1215 2544 exaratur
1228 2514 1352 2555 Ἀρχίου,
1364 2515 1443 2553 quod
1460 2515 1581 2556 Xylan-

874 2556 962 2585 drum
983 2557 1061 2586 male
1083 2557 1197 2586 habuit.
1240 2558 1285 2587 Ut
1301 2557 1437 2587 omittam
1457 2559 1580 2587 Suidam

876 2610 904 2628 ιη
923 2598 1034 2638 Σαμίων
1048 2599 1059 2628 ὁ
1076 2599 1173 2638 δῆμος,
1187 2599 1226 2628 de
1242 2609 1301 2638 quo
1318 2600 1467 2639 proxime.

920 2645 932 2673 ‘s
948 2643 994 2671 Ad
1006 2643 1081 2672 istas
1098 2641 1233 2676 Συνθήκας
1249 2640 1403 2682 οῖ”ορκους
1418 2653 1498 2681 saepe
1513 2652 1581 2680 pro-

877 2688 987 2714 vocant
1016 2686 1174 2720 Oratores,
1211 2686 1338 2719 Noster,
1369 2686 1521 2714 Isocrates
1552 2696 1579 2713 c.

877 2727 1053 2757 Callimach.
1078 2729 1242 2766 ceterique.
1285 2728 1489 2766 Jurisjurandi
1516 2727 1582 2765 qui-

877 2770 947 2799 dem
963 2770 1120 2800 formulam
1136 2771 1214 2810 ipsis
1230 2772 1386 2810 conceptis
1402 2769 1504 2799 verbis
1520 2780 1582 2799 ser-

879 2812 1154 2884 vs⁷avithAndocides
1168 2813 1206 2842 de
1223 2813 1381 2852 Mysteriis
1396 2823 1426 2851 p.
1440 2815 1490 2842 12.
1507 2812 1582 2842 edit.

904 2859 954 2894 tep
979 2877 985 2885 .

995 2912 1095 2954 Ὀξκος
1109 2925 1188 2947 κοινος
1203 2926 1238 2943 τη
1254 2912 1331 2943 πόλει
1345 2914 1454 2943 ava-aen.

148 2970 254 3006 ’5⁰ch
267 2974 314 3003 και
329 2974 443 3010 ἔθνους
435 2988 509 3012 εστι,
525 2978 558 3006 τὸ
573 2981 740 3018 προστατῶν
754 2979 850 3018 ἀνδρῶν
883 2979 922 3010 Ου
945 2980 1149 3018 μνησικακησω
1170 2982 1223 3008 τῶν
1254 2981 1376 3009 πολιτῶν
1400 2981 1478 3010 οὐδενὶ
1509 2982 1587 3011 ωλην
