1839 3229
111 1947 178 1975 67⁷

269 188 325 230 96
461 187 541 229 ΙΟ.
572 187 835 231 TAYLORI
871 189 1206 234 LECTIONES
1239 192 1524 236 LYSIACAE.

266 296 370 334 Λύσις
386 293 532 329 haben-t.
567 294 625 329 De
642 296 786 330 nomine
804 297 923 340 Lysiae
941 296 1022 331 haec
1039 296 1139 330 dicta
1153 300 1273 332 sunto.
1315 299 1473 334 Causam
1486 301 1607 334 autem
1625 300 1718 335 hanc

263 351 438 392 nostram,
469 350 504 383 in
529 361 602 394 qua
630 350 676 384 de
709 351 959 385 Eratosthenis
984 361 1075 385 nece
1104 352 1258 395 quaestio
1286 355 1474 398 agebatur,
1501 356 1719 399 judicabant

261 405 405 448 Ἐφέται,
427 404 493 438 viri
509 416 560 438 sc.
582 404 648 440 LI.
675 407 871 450 ἀριστίνδην
890 406 1010 448 electi,
1029 406 1092 450 qui
1110 405 1154 439 ad
1167 406 1347 450 Apollinis
1362 409 1549 453 Delphinii
1574 410 1719 452 judica·

261 460 350 493 bant
375 462 432 493 ἐπὶ
459 465 527 495 τῶν
554 461 812 505 ὁμολογούντων
837 465 898 505 μὲν
926 461 1117 505 δεδρακέναι
1144 463 1276 505 φόνους,
1300 467 1386 497 κατὰ
1413 467 1536 508 νόμους
1562 466 1607 500 δέ.
1657 466 1716 499 De

259 514 360 548 eaede
377 515 471 548 enim
490 516 586 559 apud
603 516 837 549 Atheniensis
854 519 987 559 praeter
1003 515 1236 560 Areopagum
1255 519 1507 561 cognoscebat.
1557 520 1591 554 Ι.
1607 520 1720 554 Curia

258 574 315 605 ἐπὶ
332 573 525 615 Παλλαδίῳ,
545 572 573 604 si
591 576 668 605 erat
684 573 944 607 involuntaria:
971 572 1025 607 ΙΙ.
1045 575 1100 606 ἐπὶ
1118 576 1324 618 Πρυτανείῳ,
1345 575 1376 608 si
1392 574 1437 608 de
1461 574 1622 608 Auctore
1643 585 1715 608 non

257 627 436 671 liquebat:
463 627 539 660 ΙΙΙ.
562 629 599 660 ἐν
623 628 790 671 Φρεάττει,
815 626 877 660 ubi
903 627 1034 671 aliquis
1058 627 1104 661 ob
1131 628 1271 662 caedem
1299 629 1576 663 involuntariam
1601 630 1717 664 solum

258 684 400 716 vertens
421 692 514 715 nova
531 682 668 715 interea
684 684 888 716 teneretur:
916 681 987 715 IV.
1006 684 1062 715 ἐπὶ
1078 685 1240 727 Δελφινίῳ
1258 683 1427 728 denique,
1449 684 1512 717 ubi
1533 684 1614 728 quis
1633 684 1716 728 jure

259 748 302 770 ac
319 740 415 770 recte
443 747 576 770 caesum
596 737 842 770 contenderet.
895 736 1006 778 Nam,
1029 740 1072 770 ut
1093 737 1144 770 ait
1166 737 1244 772 Cic.
1269 749 1334 783 pro
1357 738 1644 772 Milone—“An
1660 741 1716 772 est

257 793 463 836 quisquam,
480 792 541 836 qui
568 792 636 826 hoc
653 792 805 836 ignoret,
822 802 905 825 cum
932 792 976 826 de
999 792 1142 825 homine
1169 793 1287 826 occiso
1304 795 1498 837 quaeratur,
1515 795 1578 826 aut
1593 792 1717 835 negari

258 848 371 880 solere
389 848 536 880 omnino
559 858 636 880 esse
653 847 800 888 factum,
821 850 884 880 aut
905 850 1001 880 recte
1025 857 1067 879 ac
1089 846 1172 890 jure
1196 847 1333 881 factum
1357 859 1435 881 esse
1452 847 1639 881 desendi2”
1669 847 1715 881 In

256 901 352 935 hisce
369 902 537 935 omnibus
554 902 609 935 aio
637 901 832 945 quaesitum
850 912 927 934 esse
950 902 994 934 de
1021 901 1134 934 caede.
1187 901 1279 943 Ejus
1296 905 1373 935 erat
1396 902 1524 947 leporis
1541 912 1715 942 scomma,

254 956 353 1001 quod
372 957 406 989 in
424 956 457 990 h.
472 957 650 1000 populum
663 956 825 999 jaciebat
844 955 994 989 Lucian.
1009 956 1125 989 Icaro.
1145 955 1286 999 Menip.
1335 959 1400 990 Καὶ
1418 959 1434 991 ὁ
1452 959 1563 995 Φοίνιξ
1587 957 1619 990 δὲ
1643 958 1713 990 ἐνε-

256 1012 425 1055 πορεύετο,
455 1014 508 1045 καὶ
537 1013 554 1045 ὁ
584 1013 681 1048 Κίλιξ
702 1011 868 1055 ἐλῄστευε,
892 1012 946 1043 καὶ
971 1011 988 1043 ὁ
1014 1010 1133 1044 Λάκων
1155 1011 1386 1055 ἐμαστιγοῦτο,
1409 1002 1463 1044 «isai
1489 1012 1506 1044 ὁ
1528 1011 1714 1052 Ἀθηναῖος

254 1066 485 1105 ἑδικάζετοε
513 1071 550 1100 et
567 1064 748 1109 Aristoph.
770 1065 891 1108 Equit.
912 1066 1014 1099 1313.

465 1150 634 1192 Εὖφημεῖν
651 1150 716 1191 χρὴ
735 1150 788 1181 καὶ
806 1149 913 1191 στόμα
930 1150 1049 1182 κλείειν
1064 1151 1117 1181 καὶ
1135 1151 1322 1193 μαρτυριῶν
1339 1146 1528 1190 ἀπέχεσθαι

464 1205 531 1237 Καὶ
549 1205 590 1237 τὰ
608 1204 800 1247 ἕικαστὴρια
816 1205 1012 1247 συγκλείειν,
1028 1201 1078 1243 οἷς
1092 1205 1111 1244 ἡ
1127 1206 1224 1242 πόλις
1240 1203 1295 1243 ἥδε
1312 1203 1468 1246 γέγηθεν.

253 1282 312 1316 De
330 1282 428 1316 hisce
446 1282 565 1316 Curiis
583 1284 735 1327 plurima
752 1284 919 1328 plurimi:
947 1284 1081 1328 optime
1098 1283 1259 1317 omnium
1278 1282 1468 1316 Demosth.
1486 1292 1517 1316 c.
1535 1280 1711 1316 Aristocr-

251 1340 290 1370 et
308 1338 397 1371 Poll.
416 1337 527 1371 VIII.
545 1340 600 1372 10.
640 1339 868 1382 Adjungant‚
887 1339 1020 1384 quibus
1036 1350 1080 1372 ca
1095 1349 1169 1372 non
1187 1337 1411 1371 satisfaciant
1423 1337 1578 1371 Pausan.
1595 1336 1709 1370 Attio.

253 1401 286 1424 c.
303 1394 360 1426 28.
379 1391 501 1435 Sigon.
520 1393 565 1426 de
582 1393 784 1437 Republica
804 1394 936 1428 Athen.
954 1392 1032 1427 ΙΙΙ.
1049 1395 1084 1426 2.
1111 1395 1148 1425 ct
1163 1391 1302 1425 Meurs.
1320 1391 1452 1435 Areop.
1467 1401 1547 1435 cap.
1567 1393 1656 1424 extr.
1671 1391 1712 1423 ut

253 1447 301 1480 de
319 1446 466 1480 Lexicis
484 1449 636 1481 taceam.
684 1447 815 1492 Neque
832 1447 979 1482 fuissem
998 1447 1054 1481 hic
1072 1447 1107 1480 in
1120 1446 1312 1491 propatulo
1329 1447 1499 1488 moratus,
1516 1445 1555 1478 ni
1570 1444 1711 1489 magnis

249 1500 454 1535 hominibus
478 1502 739 1536 dubitationem
759 1503 925 1537 vidissem
943 1502 1115 1546 injectam
1138 1501 1182 1534 de
1202 1501 1294 1543 loco,
1313 1501 1375 1533 ubi
1397 1500 1570 1543 agebatur
1588 1510 1709 1534 causa.

250 1556 381 1601 Neque
400 1558 522 1591 denuo
548 1569 702 1591 asseram
721 1558 785 1592 has
803 1558 933 1593 Curias
948 1559 999 1592 ita
1024 1558 1132 1591 fuisse
1155 1555 1347 1601 provinciis
1370 1556 1570 1599 distinctas,
1593 1559 1636 1589 ut
1651 1556 1711 1590 vel

248 1622 366 1645 rerum
383 1612 586 1646 necessitati
605 1614 661 1647 vel
675 1613 907 1647 diuturnitati
923 1613 1098 1656 temporis
1111 1622 1235 1645 earum
1250 1622 1336 1645 usus
1353 1621 1425 1644 non
1443 1610 1637 1656 aliquando
1650 1621 1710 1644 ce-

249 1667 362 1700 deret.
412 1667 513 1710 Lege
538 1668 726 1702 Demosth.
744 1680 775 1702 c.
794 1669 918 1703 Boeot.
938 1669 1053 1702 Isocr.
1072 1668 1229 1711 Except.
1247 1677 1279 1700 c.
1294 1666 1507 1701 Callimach.
1526 1669 1564 1700 et
1580 1665 1705 1701 Valer.

249 1720 356 1757 Max.
368 1721 480 1756 V111.
496 1724 527 1756 1.
563 1723 634 1756 Sed
649 1723 728 1767 quis
745 1723 801 1757 illc
816 1723 948 1768 Apollo
963 1722 1190 1767 Delphinius,
1207 1721 1309 1763 cedo,
1320 1724 1356 1754 et
1372 1722 1470 1756 unde
1488 1721 1627 1755 dictus?
1644 1722 1709 1766 qui

248 1785 321 1809 non
338 1776 451 1810 solum
470 1776 624 1810 Athenis
646 1777 852 1821 hujusmodi
871 1778 959 1811 aedis
976 1780 1105 1811 nactus
1122 1779 1189 1819 est,
1208 1776 1253 1810 de
1273 1775 1405 1820 quibus
1421 1775 1505 1810 vide
1522 1775 1706 1811 Plutarch.

246 1829 287 1864 in
302 1831 444 1865 Theseo
460 1834 497 1864 et
514 1833 668 1866 Pausan.
694 1833 731 1866 in
748 1833 861 1866 Attio.
879 1842 1005 1865 verum
1032 1831 1153 1873 etiam,
1171 1834 1212 1863 ut
1229 1832 1370 1863 constat
1394 1840 1441 1864 ex
1460 1843 1518 1874 σχ.
1539 1830 1577 1865 in
1597 1830 1704 1864 Pind.

249 1885 284 1918 in
299 1885 433 1932 honore
447 1886 514 1919 fuit
525 1886 794 1928 AEginensibus‚
809 1890 845 1920 et
862 1886 997 1927 Mensi,
1012 1885 1130 1919 Sacris
1144 1887 1180 1918 et
1196 1884 1312 1918 Ludis
1327 1894 1458 1918 nomen
1472 1884 1583 1927 dedit,
1595 1888 1705 1929 atque

248 1939 345 1983 apud
383 1940 638 1974 Chalcedensis
672 1940 797 1973 itidem
835 1942 962 1973 nactus
993 1942 1047 1972 est
1071 1939 1193 1972 fanum
1230 1937 1285 1971 sui
1318 1939 1563 1982 cognominis;
1597 1940 1705 1984 cujus

247 1998 372 2038 postea
393 1996 432 2029 in
457 1995 749 2029 communionem
767 1994 926 2029 adscitus
947 1994 992 2028 T.
1019 1992 1233 2036 Flaminius,
1251 1994 1292 2027 ut
1314 1992 1430 2038 liquet
1453 2004 1500 2029 ex
1521 1993 1704 2029 Plutarch.

247 2048 285 2082 in
303 2049 388 2084 vita.

503 2120 538 2144 O.
557 2121 696 2146 ΔΗΜΟΣ.
712 2121 829 2145 ΤΙΤΩῙ.
847 2120 918 2144 ΚΑΙ.
933 2120 1100 2145 ΗΡΑΚΛΕῙ.
1117 2120 1178 2145 ΤΟ.
1196 2118 1416 2144 [ῪΜΝΑΣΙΟΝ.

505 2171 539 2195 O.
556 2172 696 2196 ΔΗΜΟΣ.
711 2172 830 2196 ΤΙΤΩΙ.
847 2172 919 2196 ΚΑΙ.
937 2172 1145 2197 ΑΠΟΛΛΩΝΧ.
1160 2171 1222 2196 To.
1239 2170 1442 2197 ΔΕΛΦῙΝΙΟΝ.

249 2249 359 2283 Plane
377 2250 493 2283 aliena
512 2253 597 2284 sunt
619 2253 655 2284 et
680 2250 836 2284 fabulam
864 2250 1038 2292 redolent,
1063 2262 1147 2295 quae
1176 2250 1221 2284 de
1247 2261 1290 2284 eo
1317 2250 1452 2294 Etymo
1478 2249 1586 2284 habet
1605 2249 1700 2284 idem

248 2304 431 2339 Plutarch.
456 2305 492 2338 in
518 2305 606 2338 libro
632 2306 676 2340 de
703 2307 846 2340 solertia
868 2306 1108 2342 Animalium:
1135 2317 1242 2351 quam
1270 2307 1354 2340 licet
1379 2306 1562 2346 historiam
1587 2307 1703 2351 tangit

248 2359 444 2402 Homerus,
459 2361 532 2395 sive
547 2362 627 2406 quis
639 2362 741 2404 alius,
757 2363 792 2395 in
809 2362 962 2406 hymnis,
976 2365 1085 2407 atque
1099 2373 1167 2396 aere
1184 2362 1302 2396 adhuc
1319 2364 1464 2396 servant
1478 2362 1616 2395 nummi
1626 2363 1702 2397 Ta-

247 2415 485 2449 rentinorum:
513 2416 643 2449 Aliena
665 2417 763 2457 item,
782 2428 863 2461 quae
883 2431 938 2461 σχ.
967 2417 1216 2462 Lycophronis
1231 2419 1313 2451 203.
1362 2416 1509 2460 Apollo,
1527 2416 1649 2458 credo,
1665 2419 1703 2451 et

246 2468 367 2502 Diana
383 2470 520 2513 δελφικοὶ
539 2472 591 2504 vel
606 2472 763 2515 δελφίνιοι
781 2471 862 2505 ideo
879 2473 979 2513 dicti,
999 2473 1098 2516 quod
1113 2474 1214 2506 erant
1228 2470 1365 2506 uterini.
1414 2470 1509 2504 Nam
1527 2473 1564 2504 et
1581 2471 1702 2505 Diana

246 2524 403 2566 Δελφινία
432 2524 538 2558 dicta.
589 2529 632 2558 Τὸ
664 2527 719 2558 ἐπὶ
744 2526 905 2570 Δελφινίῳ
932 2527 1046 2571 ἱδρύθη
1070 2530 1132 2571 μὲν
1157 2528 1223 2560 ὑπὸ
1255 2529 1313 2560 τοῦ
1341 2524 1478 2569 Αἰγέως,
1503 2526 1637 2570 λέγεται
1667 2526 1701 2567 δὲ

242 2578 441 2611 Ἀπόλλωνι
457 2581 616 2623 Δελφινίῳ
634 2583 686 2612 καῖ
704 2581 868 2624 Ἀρτέμιδι
885 2584 1056 2626 Δελφινίᾳ.
1090 2582 1180 2615 ΡΟΙΙ.
1199 2580 1315 2614 VIII.
1333 2583 1388 2614 10.
1431 2580 1596 2625 Eamque
1611 2591 1698 2614 con-

241 2632 420 2675 jecturam
440 2633 589 2676 adjuvat
610 2634 709 2667 locus
724 2634 860 2668 Laertii
878 2637 913 2669 in
926 2636 1077 2669 Thalete
1094 2635 1122 2679 ξ.
1136 2638 1195 2669 29.
1245 2634 1371 2668 Phiala
1391 2635 1487 2668 enim
1501 2646 1522 2668 a
1538 2634 1699 2678 Collegio

244 2687 452 2730 Sapientum
471 2688 680 2721 renunciata
696 2692 732 2721 et
748 2690 792 2722 ad
807 2689 994 2724 Thaletem
1014 2700 1170 2731 reversa,
1187 2689 1224 2722 ‘0
1241 2689 1273 2723 δὲ
1294 2690 1556 2734 τῷΔιὸυμαίῳ
1571 2691 1699 2723 Ἀπόλ-

243 2744 327 2776 λωνι
344 2742 554 2784 ἀπέστειλεν,
573 2744 677 2777 εἰπὼν
701 2745 785 2785 οὕτω
801 2747 887 2778 κατὰ
910 2748 970 2779 τὸν
989 2747 1229 2788 Καλλίμαχον·

660 2826 776 2865 Θαλῆς
791 2839 830 2868 με
854 2825 1066 2868 τῷ,μεδεῧντι
1082 2824 1206 2864 Νειλὲῳ
1225 2824 1329 2867 δήμου

658 2879 785 2919 Δίδωσι,
806 2883 902 2912 τοῦτο
920 2879 968 2918 δὶς
983 2879 1101 2921 λαβὼν
1119 2879 1298 2921 ἀριστεῖον.

244 2959 286 2988 Τὸ
313 2957 342 2989 δὲ
371 2959 474 2994 πεζὸν
502 2958 604 2996 οὕτως
629 2958 706 3000 ἔχει.
759 2959 874 2997 Θαλῆς
895 2958 1049 3000 Ἐξαμίου
1077 2958 1240 2997 Μιλί)σιος
1268 2956 1461 2990 Ἀπόλλωνι
1491 2957 1692 2999 Δελφινίῳ
