1839 3229
230 187 309 229 144
789 186 821 228 Ι,
853 186 1116 228 TAYLORI

224 278 261 310 S!
294 284 466 311 MARl‘rvs
499 286 658 312 VXOREM
689 286 726 310 IN
758 286 835 310 ll‘SO
861 286 958 310 ACTV
993 285 1202 310 ADVLTERH
1237 284 1568 310 DEPREHENDERIT
1597 283 1676 308 TAM

273 343 509 370 ADVLTERVM
535 345 641 373 QVAM
670 345 830 369 VXOREM
863 343 1057 368 OCCIDERE
1086 342 1236 367 LlCERlT
1263 342 1385 367 NVLLA
1413 341 1543 366 TAMEN
1571 340 1676 365 MORA

273 399 512 425 PROTRACTA.

224 452 359 486 Fusius
377 452 531 486 fortasse
550 451 628 486 liaee
651 462 759 496 quam
784 451 956 494 oportuit,
979 461 1106 485 verum
1127 461 1198 484 non
1221 451 1364 494 ingrata
1380 451 1560 485 videbitur
1581 460 1679 484 com-

225 509 412 551 mentatio,
436 509 464 542 si
490 508 571 553 quis
596 509 769 552 majorum
788 519 893 541 sensa
909 508 954 541 de
979 518 1022 542 co
1040 508 1172 542 delicto
1196 508 1398 552 perspicere
1416 509 1551 552 cupiat,
1573 507 1679 551 cujus

226 563 332 597 unius
353 563 424 597 fere
442 563 656 607 supplicium
680 573 750 595 non
776 573 796 595 a
813 562 900 604 foro,
919 564 981 597 sed
1007 563 1126 596 dolore
1144 563 1316 607 patientis
1333 562 1503 596 aestimari
1522 563 1677 596 voluere.

226 617 333 658 Quod
351 617 530 661 reliquum
553 620 607 650 est
625 617 774 650 breviori
795 617 932 650 ambitu
951 619 1190 659 concludam
1215 628 1354 651 memor
1371 628 1428 650 me
1445 617 1481 650 in
1499 616 1565 650 lioc
1582 627 1680 650 com-

225 673 436 706 mentariolo
454 683 525 707 non
544 674 641 716 leges
656 673 823 718 Lysiae-as
840 672 1029 716 illustrare,
1047 674 1109 707 sed
1124 684 1310 707 recensere
1327 675 1481 706 tantum.

914 782 994 815 III.

226 876 293 899 EAN
317 874 375 899 ΤῙΣ
401 876 599 900 ΑΝΘΡΩΠΟΝ
620 876 830 900 ΕΛΕΥΘΕΡΟΝ
846 877 868 900 H
885 876 1004 902 ΠΑΙΔΑ
1024 875 1193 900 ΑΙΣΧΎΝΗῙ
1215 877 1285 900 ΒῙΑῙ
1303 876 1441 901 ΔῙΠΛΗΝ
1451 876 1525 900 ΤΗΝ
1536 874 1680 900 ΒΛΑΒΗΝ

267 917 434 943 ΟΦΕΙΛΙΞΙΝ
449 919 517 943 ΕΑΝ
540 920 584 944 ΔΕ
604 920 779 944 ΓΎΝΑΙΚΑΣ
803 920 846 944 ΕΦ
870 919 1001 946 ΑΙΣΠΕΡ
1018 919 1259 944 ΑΠΟΚΤΕΙΝΕῙΝ
1285 919 1433 944 ΕΞΕΣΤΙΝ
1448 919 1533 944 ΤΟῙΣ
1559 918 1682 943 ΕΝΕΧΕ-

269 962 364 987 ΣΘΑῙ.
383 967 414 995 p.
432 958 485 988 34.
501 967 572 996 pen.

227 1016 300 1050 Ubi
325 1016 461 1060 primus
478 1016 617 1060 reposui
637 1017 795 1057 διπλῆν
807 1026 873 1059 pro
891 1016 1044 1049 διπλοῦν.
1096 1015 1223 1059 Longe
1240 1016 1492 1050 inclementius
1507 1015 1551 1049 de
1566 1014 1681 1049 illece-

227 1070 308 1112 bris,
341 1082 448 1115 quam
480 1071 524 1104 de
560 1070 735 1112 violentia,
769 1074 976 1104 statuerunt
1005 1071 1103 1114 leges
1127 1070 1277 1113 Atticae,
1310 1074 1347 1104 et
1379 1070 1523 1116 quidem
1557 1071 1683 1103 contra

225 1127 388 1160 omnium
407 1126 479 1159 sere
496 1126 661 1169 gentium
681 1136 784 1159 usum
798 1127 834 1159 et
848 1125 1087 1169 disciplinam.
1115 1125 1223 1169 Apud
1240 1126 1425 1160 Romanos
1443 1124 1554 1167 enim,
1571 1125 1596 1142 “
1609 1123 1683 1166 Qui

225 1186 411 1216 vacantem
431 1182 619 1216 mulierem
633 1182 753 1226 rapuit
770 1182 826 1215 vel
840 1184 1004 1225 nuptam,
1024 1180 1154 1216 ultimo
1173 1182 1350 1225 supplicio
1364 1180 1546 1225 punitur.'’
1578 1180 1682 1215 Mar—

225 1238 318 1271 cian.
337 1238 359 1271 l.
377 1239 412 1270 5.
431 1237 460 1281 ξ.
483 1240 518 1271 2.
538 1238 584 1270 D.
608 1239 651 1271 ad
673 1239 741 1281 leg.
758 1237 895 1271 Juliam
914 1238 959 1270 de
978 1237 1011 1270 vi
1031 1237 1187 1281 publica.
1241 1237 1281 1270 ld
1302 1236 1398 1280 quod
1417 1236 1572 1270 sancivit
1587 1236 1682 1280 Imp.

224 1293 454 1326 Justiniamxs
472 1294 494 1326 l.
524 1293 618 1326 unio.
638 1293 680 1326 C.
701 1294 746 1326 de
770 1295 875 1336 raptu
893 1290 1108 1333 Virgilium:
1137 1293 1159 1310 “
1180 1291 1358 1334 Raptores
1374 1291 1554 1334 virginum
1573 1290 1684 1323 hone-

226 1351 364 1381 starum
383 1349 438 1381 vel
457 1348 711 1391 ingenuarum,
730 1348 802 1381 sive
815 1347 893 1390 jam
913 1347 1141 1390 desponsatae
1159 1346 1304 1388 fuerint,
1324 1346 1399 1379 sive
1417 1355 1501 1386 non,
1519 1346 1575 1378 vel
1593 1355 1683 1388 qua—

226 1403 395 1436 rumlibet
418 1402 612 1436 viduarum
640 1402 868 1440 feminarum,
896 1402 980 1435 licet
1006 1401 1196 1443 1ihcrtinae,
1219 1400 1276 1434 vel
1301 1410 1414 1433 servae
1441 1399 1571 1433 alienae
1597 1398 1683 1440 sint,

227 1458 381 1502 pessima
398 1456 589 1491 criminum
608 1460 815 1500 peccantes,
836 1455 959 1501 capitis
979 1454 1147 1501 supplicio
1164 1455 1377 1499 plectendos
1396 1454 1684 1488 decernimus.—

226 1514 278 1547 Et
299 1513 426 1547 merito
452 1513 575 1547 mortis
599 1513 807 1547 damnantur
831 1510 1020 1557 supplicio.-
1045 1521 1129 1544 eum
1158 1521 1224 1544 nec
1247 1510 1292 1544 ab
1321 1509 1507 1544 homicidii
1535 1508 1684 1543 crimine

227 1568 433 1613 hujusmodi
459 1572 621 1612 raptores
653 1567 725 1600 sint
752 1566 896 1601 vacui.”
951 1566 1075 1610 Pergit
1104 1566 1196 1610 Imp.
1257 1567 1280 1582 “
1301 1565 1396 1606 Quae
1426 1565 1543 1598 multo
1568 1564 1686 1608 magis

226 1627 351 1656 contra
368 1634 429 1656 eos
446 1623 606 1656 obtinere
622 1622 816 1661 sancimus,
832 1621 892 1666 qui
910 1627 1035 1665 nuptas
1051 1620 1211 1654 mulieres
1225 1619 1303 1654 ausi
1323 1622 1408 1653 sunt
1425 1630 1568 1663 rapere;
1598 1617 1687 1664 quia

226 1677 363 1721 duplici
386 1679 555 1710 tenentur
577 1676 738 1715 erimine,
756 1679 827 1708 tani
855 1674 1035 1715 adulterii,
1053 1685 1162 1718 quam
1181 1674 1338 1718 rapinae:
1365 1676 1403 1707 et
1422 1676 1564 1718 oportet
1587 1684 1685 1708 acer·

227 1732 307 1765 bius
326 1732 491 1765 adulterii
514 1731 648 1764 crimen
669 1740 714 1763 ex
736 1730 801 1763 liae
825 1730 1030 1774 adjectione
1055 1728 1209 1774 puniri.''
1256 1729 1362 1763 Adde
1385 1729 1461 1763 Jul.
1479 1730 1585 1763 Paul.
1613 1729 1687 1763 Re-

227 1790 322 1832 cept.
343 1788 441 1822 Sent.
462 1786 524 1820 lib.
542 1789 575 1819 2.
593 1786 647 1819 tit.
665 1788 722 1819 536.
744 1785 774 1829 ξ.
797 1788 852 1819 12.
905 1786 929 1803 “
949 1785 1022 1826 Qui
1044 1785 1248 1818 masculum
1266 1783 1418 1817 liberum
1440 1784 1593 1818 invitum
1611 1786 1688 1817 stu-

228 1844 396 1887 praverit,
424 1842 533 1888 eapite
560 1841 744 1886 punitur.’'
794 1841 904 1884 Apud
930 1840 1164 1873 Atheniensis
1193 1839 1351 1883 quidem,
1377 1839 1439 1883 qui
1462 1841 1686 1873 momentum

227 1898 392 1930 facinoris
406 1897 509 1930 exitu
526 1895 767 1936 aestimabant,
782 1895 835 1928 vis
849 1894 1066 1927 adulterium
1085 1894 1280 1927 relevabat.
1333 1892 1404 1926 Illa
1419 1893 1528 1936 enim,
1543 1897 1586 1926 ut
1599 1903 1687 1926 con·

228 1952 427 1986 tendebant
443 1949 651 1993 istiusjuris
668 1949 788 1993 periti,
804 1960 936 1993 corpus
951 1950 1189 1992 solummodo,
1207 1960 1280 1983 non
1299 1949 1458 1982 animum
1475 1949 1685 1993 stuprabat:

228 2007 290 2050 qui
312 2017 397 2039 vero
419 2005 502 2038 dolo
519 2008 555 2038 et
577 2004 754 2038 blanditiis
780 2004 967 2038 mulierem
990 2004 1216 2045 adulteravit,
1240 2003 1402 2038 animum
1426 2005 1546 2048 ipsum
1563 2004 1686 2038 infecit

228 2066 338 2106 atque
357 2071 376 2094 a
402 2061 528 2093 marito
553 2060 736 2093 alienavit.
785 2059 927 2093 Idcirco
951 2059 1047 2093 istud
1074 2060 1249 2093 delictum
1274 2059 1442 2103 pecunia,
1466 2059 1533 2093 boc
1556 2058 1686 2103 capitis

231 2127 344 2161 poena
362 2115 588 2148 coercebant.
639 2115 782 2147 Sanane
801 2115 836 2147 id
855 2114 1077 2159 philosophia
1094 2117 1130 2147 et
1147 2113 1301 2148 civiliter
1315 2114 1534 2156 institutum,
1553 2113 1688 2158 disqui-

229 2172 333 2205 rendi
349 2181 419 2204 non
435 2170 630 2214 competit:
657 2169 796 2212 Legem
814 2168 961 2210 interea,
975 2170 1050 2204 sive
1065 2169 1184 2214 potius
1199 2170 1286 2213 legis
1301 2168 1532 2212 particulam,
1545 2168 1598 2202 ita
1613 2179 1687 2203 me-

230 2237 312 2259 cum
330 2224 556 2270 interpretari
574 2227 611 2258 et
627 2224 830 2267 intelligere
844 2225 972 2267 possis.

671 2297 757 2329 LEX
775 2297 820 2329 de
843 2296 1000 2339 Raptor-e
1019 2298 1055 2328 et
1073 2294 1246 2329 Moecho‘

231 2369 307 2411 Qv1
324 2378 507 2403 HOMINEM
524 2378 737 2403 Pveizvmvr„
754 2377 957 2402 INGENVVM
969 2377 1005 2400 vr
1021 2376 1369 2401 consrvPRAvERrr
1388 2375 1549 2400 nvvaM
1561 2359 1692 2402 ινιτ-ὀε

279 2434 344 2461 Qvi
363 2433 478 2457 ETIAM
498 2433 705 2458 MVLiEREM
723 2433 968 2458 MVLiansvss
987 2432 1024 2455 ιΝ
1044 2431 1210 2456 nonium
1228 2431 1360 2456 ΜΑιυτι
1381 2430 1534 2455 POSITAS
1550 2419 1600 2466 (in
1612 2422 1687 2466 qui-

281 2479 347 2512 bus
364 2490 412 2513 sc.
435 2479 619 2513 moechum
641 2479 905 2524 deprehensum
924 2480 1002 2522 lege
1021 2479 1187 2513 occidere
1205 2477 1336 2523 possis)
1355 2487 1485 2511 EODEM
1508 2487 1604 2512 IVRE
1621 2488 1688 2513 TE·

281 2544 420 2568 maron.
448 2543 631 2568 Moecuvs
650 2535 849 2569 Ανῑ“ιεῑνιν’“’ἐξ

234 2597 402 2631 Fortasse
419 2599 540 2630 autem
553 2599 725 2641 quoniam
740 2598 784 2631 de
795 2598 828 2631 vi
844 2599 880 2631 et
890 2597 1029 2632 suadela
1040 2597 1157 2640 legem
1170 2606 1275 2640 agere
1288 2599 1428 2631 certum
1441 2598 1555 2630 estex
1567 2597 1688 2641 Lysiae

236 2652 455 2696 argumentis
470 2655 505 2684 et
522 2653 659 2685 ratione
679 2652 769 2696 legis
792 2654 1002 2695 laudandae,
1021 2655 1098 2686 tola
1115 2652 1352 2686 concinnatur
1374 2663 1423 2686 ex
1441 2652 1551 2695 Lysia
1568 2653 1606 2686 et
1622 2653 1689 2687 AE-

235 2705 360 2740 schine
377 2717 408 2739 e.
427 2705 612 2739 Timarcb.
628 2706 662 2739 h.
679 2717 711 2750 p.

236 2783 304 2807 BAN
319 2783 378 2807 ΤΙΣ
395 2781 594 2806 ΑΝΘΡΩΠΟΝ
613 2781 823 2807 ΕΛΕΥΘΕΡΟΝ
838 2782 861 2805 H
883 2782 1001 2807 ΠΑῙΔΑ
1023 2782 1193 2806 ΑΙΣΧΎΝΗΙ
1210 2782 1283 2807 BIAI
1300 2782 1441 2808 ΔῙΠΛΗΝ
1453 2783 1526 2808 ΤΗΝ
1545 2783 1690 2811 ΒΔΑΒΗΝ

280 2825 443 2850 ΟΦΕΙΛΕΙΝ
455 2825 524 2849 ΕΑΝ
541 2825 585 2850 ΔΕ
600 2824 778 2849 ΓΎΝΑΙΚΑΣ
795 2825 838 2849 ΕΦ
855 2824 984 2848 ΑΙΣΠΕΡ
998 2824 1241 2849 AI'IOKTEINEIN
1256 2825 1406 2850 ΕΞΕΣΤΙΝ
1418 2819 1476 2861 (sc.
1495 2820 1691 2863 rAMETAz)

279 2868 323 2892 EN
341 2868 426 2893 ΤΟῙΣ
453 2867 590 2892 ΑὙΤΟῙΣ
615 2866 825 2893 ΕΝΕΧΕΣΘΑΙ.
871 2867 938 2891 EAN
963 2868 1010 2893 ΔΕ
1034 2869 1092 2892 ΤΙΣ
1114 2867 1326 2892 ΕΛΕΥΘΕΡΟΝ
1347 2868 1466 2894 ΠΑΙΔΑ
1487 2869 1511 2894 Η
1532 2869 1689 2894 ΓΎΝΑῙΚΑ

277 2911 567 2942 ΠΡΟΑΓΩΓΕΥΣΗΙ,
583 2911 753 2936 ΘΑΝΑΤΩΙ
768 2910 1011 2936 ΖΗΜῙΟΤΣΘΑΙ.

237 2966 335 3007 Quid
351 2967 466 3001 voluit
479 2967 503 3001 J
508 2977 548 3001 us
566 2965 730 3001 Atticum
748 2977 811 3011 per
827 2966 955 3007 διπλῆν
972 2966 1124 3009 βλάβην,
1141 2965 1292 3001 sortasse
1308 2967 1507 3012 expedient
1524 2967 1590 3002 loci
1608 2979 1688 3012 pro-
