1839 3229
173 188 304 240 ‚362

758 200 1088 243 ΛΥΣΙΟΎ

157 313 182 347 4
201 309 284 362 ob‘m
298 334 379 379 ’περ
407 311 459 363 0²21)
483 335 581 383 υμῖν
608 336 760 372 (wrong
787 311 932 375 1ΕνηΤΕ
961 338 1156 366 7'0106117'06
1182 318 1480 378 we‘n‘ovffiolreg.
1505 318 1553 371 Εὐ
1572 343 1666 412 yde

203 383 333 438 oldu'
314 410 400 449 οτι,
428 387 464 439 εἷ
484 411 562 449 την
590 387 730 449 αυτὴν
757 411 930 458 ’γνωμην

949 412 1063 481 περι
1101 409 1186 441 των
1223 390 1378 444 ἄλλων
1413 390 1565 460 ἔχοιτε
1595 392 1666 455 ἦν*

160 475 184 508 5
203 485 294 535 περ
322 486 429 556 πεξι
460 486 576 532 υμων
611 462 775 524 αυτῶν,
815 486 893 514 ουκ
928 463 981 514 οἳν
1011 464 1074 526 εἴη
1108 463 1226 524 σ’ςτις
1253 489 1332 518 ουκ
1366 490 1441 519 em
1470 478 1559 527 τοῖς
1585 478 1711 535 aas-5

204 560 447 607 ’γενημενοις
474 537 778 603 daravum-toln
823 536 957 588 ἄλλοι
982 538 1148 598 πάντες
1175 540 1230 592 οἳν
1260 565 1358 615 περι
1385 566 1471 594 των
1493 567 1556 594 τοι
1578 567 1670 594 τοι-

205 635 334 663 αυτ-οι
359 611 493 673 ἔπη-ἠ
513 610 712 664 ὃευοντων
738 609 823 670 τοὶς
850 610 1015 685 ζημίας
1027 614 1205 708 μιιεξοοὶς
1216 616 1426 682 ἡγοῖσθε.
1456 641 1535 669 nou
1557 641 1670 669 ταυ-

523 684 542 701 'l

208 711 271 737 τοι
302 710 381 738 ουκ.
406 686 460 736 ἀν
499 710 560 748 ειη
592 711 718 757 μονον
745 711 839 779 ποορ
886 710 985 757 υμιν
1021 688 1155 749 οὕτως
1190 714 1466 761 &ymo-poem,
1502 691 1612 744 οἷλλ
1633 693 1672 744 ἓν
1689 709 1795 746 92.1

206 761 369 816 εΣποίσ-νι
391 785 446 831 τῃ
474 760 681 813 Ελλοοδι·
711 785 810 829 περι
849 785 1004 814 τουτου
1025 764 1118 856 ’γοέξ
1141 789 1267 834 μονου
1289 790 1365 818 του
1395 765 1674 860 οἷδικῆμοοτοως

209 860 288 887 και
315 836 354 887 ἓν
383 833 717 906 ὄημοκροιτιᾳ
700 835 718 853 ⁰

730 861 809 889 και
838 838 1090 930 ολιγοιρχια
1129 840 1154 901 ’ἦ
1191 841 1309 902 aun-‘ri
1344 867 1538 934 τιμωρία
1584 865 1675 900 τοις

207 910 561 972 ociossfivecrwcrotg
574 936 681 987 προς
698 936 798 972 ΤΟυς
815 937 877 964 7·oe
892 937 1102 982 μΕὙΙΕΓΤΟό
1118 911 1371 986 ὃυναμξνθυς
1385 914 1525 970 06770δὲ
1519 915 1674 980 dorem,

573 994 616 1024 1ει
634 1006 685 1025 ηἰ·
700 995 829 1036 ''laylor.
854 994 974 1035 Anger.

209 1046 292 1074 lons.
309 1045 347 1074 de
372 1045 485 1085 Seript.
512 1046 598 1076 Hist.
622 1047 741 1077 Philos.
767 1052 925 1077 auctorem

207 1087 305 1118 fuisse
321 1090 475 1119 tractatuli
495 1090 534 1119 de
546 1091 656 1130 plagiis
672 1090 840 1127 literarum,
854 1101 923 1121 cum

210 1135 316 1161 noster
339 1134 460 1162 omnino
486 1133 556 1169 fuit,
579 1134 631 1172 qui
658 1134 826 1164 orationem
852 1145 924 1164 con-

210 1175 333 1213 scripsit
347 1176 408 1216 πεξὶ
425 1177 476 1210 τῆς
490 1179 554 1206 ’τῶν
578 1175 692 1210 Βιζλίων
715 1180 840 1212 κλοπ-Τις.
870 1178 926 1217 (2)

212 1218 322 1258 Lysias
336 1220 515 1256 Tetrarcha‚
530 1221 569 1249 de
581 1232 640 1260 quo
657 1231 760 1260 supra,
775 1232 834 1250 non
847 1221 925 1251 alius

211 1272 301 1301 quam
319 1263 477 1302 Lysanias.
521 1262 577 1304 (3)
599 1264 709 1303 Lysias
726 1265 926 1303 epistolarum

211 1311 318 1335 auctor
331 1310 475 1347 corrupte
491 1305 520 1335 in
536 1307 644 1337 Indice
654 1309 693 1337 ad
710 1308 813 1338 Laert.
824 1309 855 1338 in
868 1309 927 1338 Ca-

209 1349 304 1388 talog.
328 1350 430 1381 Codd.
456 1350 549 1380 MSS.
580 1351 647 1380 Col.
681 1351 790 1381 ssaliol.
825 1353 926 1382 Oxou.

211 1393 294 1431 apud
320 1393 437 1423 Mcurs.
464 1393 570 1423 Eleus.
595 1405 623 1424 c.
645 1396 698 1424 20.
722 1395 805 1433 apud
822 1405 927 1424 omnes

211 1436 277 1465 sere
307 1436 407 1466 codd.
434 1436 501 1466 Cic.
529 1438 616 1468 Offlc.
638 1443 669 1467 et
694 1438 767 1467 alibi
798 1438 856 1478 (V.
872 1439 927 1467 Fr.

212 1478 330 1509 Fabrit.
346 1480 383 1509 ad
400 1480 489 1510 offic.
503 1481 527 1509 1.
546 1480 638 1521 155.)
653 1491 709 1519 pro
720 1481 847 1521 Lyside.
876 1480 929 1522 (l)

212 1522 315 1562 Lysia:
350 1533 460 1552 nomen
494 1522 680 1562 προσποίητον
712 1525 749 1555 ab
776 1523 929 1564 Ἐξωτικῶν

212 1566 429 1605 scriptoribus,
446 1567 596 1603 Luciano,
613 1567 797 1598 Aristaeneto
809 1574 839 1598 et
849 1568 929 1598 Alci-

211 1608 328 1648 phroue
352 1609 587 1648 frequentatum.
620 1610 672 1651 (5)
688 1612 796 1650 Lysias
814 1612 865 1650 qni
884 1612 928 1640 vi-

212 1652 280 1681 deri
305 1652 417 1691 potuit,
440 1653 486 1683 uti
512 1654 651 1692 profecto
667 1655 821 1684 nonnullis
844 1654 929 1684 visus

212 1700 273 1730 est,
290 1697 442 1726 Isocratis
458 1697 579 1727 amitam
596 1697 627 1727 in
646 1708 773 1727 uxorem
787 1698 926 1728 duxisse.

211 1739 371 1769 Plutarch.
394 1739 424 1769 in
440 1741 537 1771 Isocr.
556 1742 614 1770 sub
630 1742 680 1770 fin.
727 1742 806 1771 Nam
824 1752 931 1771 revera

212 1781 271 1812 suit
287 1782 473 1813 muliercula>
495 1794 602 1813 nomen
619 1784 728 1820 Λύσιον,
744 1791 778 1814 ut
794 1785 931 1815 Phrone-

213 1825 306 1861 sium,
328 1827 502 1862 Leontium,
524 1827 717 1866 Glycerium,
741 1839 808 1866 quae
824 1828 930 1867 nupsit

211 1869 360 1899 Isocratis
375 1869 435 1898 lilio
446 1870 604 1908 adoptivo.
649 1870 703 1911 (6)
719 1871 831 1909 Lysias
842 1872 929 1901 Peri-

212 1912 380 1951 pateticus,
397 1913 551 1943 Stratonis
568 1912 700 1943 auditor.
725 1914 793 1943 Cic.
809 1915 848 1943 dc
862 1914 930 1944 Fin.

213 1956 252 1984 V.
270 1958 320 1986 13.
336 1956 416 1985 Nam
440 1955 531 1995 Lyca,
556 1956 770 1995 adjuvantibus
794 1957 931 1987 nonnihil

213 1999 307 2028 MSS.
330 1997 460 2028 rescribi
476 1999 551 2028 olim
567 2000 684 2039 optima
700 2000 759 2029 fide
771 2001 933 2038 jusserunt

213 2041 353 2081 Scaliger
374 2046 405 2071 et
422 2042 599 2073 Lambinus.
644 2042 700 2084 (7)
723 2043 835 2083 Lysias
853 2043 930 2081 Qui—

213 2089 284 2115 etus
315 2086 454 2115 Maurus.
484 2086 601 2116 Euseb.
627 2086 740 2116 Clu-on.
767 2087 804 2116 ad
830 2088 868 2118 A.
894 2088 931 2118 C.

213 2128 333 2158 CXVI.
365 2129 415 2168 qui
449 2129 565 2159 rectius
602 2131 683 2170 apud
715 2130 870 2169 Xiphilin.
901 2136 932 2161 ct

212 2171 366 2211 Spartian
400 2172 456 2214 (V.
491 2172 622 2202 casaub.
654 2174 691 2203 ad
723 2174 872 2213 Spartian.
901 2174 932 2204 in

213 2215 367 2245 Hadrian.
384 2226 413 2246 n.
428 2213 499 2255 24.)
523 2215 648 2252 Λούσιος,
667 2216 779 2247 Lusius
795 2217 932 2247 nomina-

213 2262 274 2287 tur.
318 2257 420 2292 Κύντος
445 2257 562 2293 Λούσιος
585 2261 704 2300 Μαυςος,
736 2260 828 2290 Dion.
852 2262 932 2292 Coc-

213 2300 311 2331 ceian.
340 2302 369 2331 in
387 2306 527 2341 excerpt.
554 2303 638 2342 apud
661 2304 829 2334 valesium.
876 2304 933 2336 Uti

214 2342 330 2379 Λούσιος
345 2346 427 2383 apud
444 2346 598 2376 Plutarch.
617 2346 646 2376 in
669 2347 805 2377 Sertorio
822 2351 853 2377 et
865 2349 933 2378 Ma-

214 2387 275 2416 rio.
320 2387 414 2418 Caius
432 2389 511 2418 enim
540 2390 650 2419 [usius
669 2390 703 2419 C.
722 2390 815 2420 Marii
835 2401 932 2432 nepos

212 2430 272 2460 fuit
285 2441 325 2459 ex
342 2441 460 2462 sorore.
505 2432 624 2462 Visitur
640 2433 730 2463 etiam
747 2433 857 2464 Lusius
872 2436 933 2465 Va-

213 2483 277 2508 rus,
293 2472 402 2504 Lusius
423 2475 515 2510 Geta,
533 2474 642 2506 Lusius
657 2477 839 2507 Saturninus
851 2479 932 2517 apud

212 2516 310 2546 Tacit.
344 2521 435 2556 atque
474 2518 565 2547 bodie
596 2518 627 2548 in
664 2519 933 2559 inscriptionibus,

213 2570 340 2599 quarum
355 2560 461 2599 plures
472 2566 595 2590 exstant
608 2562 636 2591 in
651 2563 776 2593 Gruteri
792 2575 932 2606 corpore,

212 2603 376 2634 nonnullos
405 2604 521 2643 adjecit
551 2605 716 2635 Fab1ettus
754 2607 791 2636 ad
837 2609 932 2638 Culu-

217 2657 319 2676 mnam
348 2647 519 2686 Trajanam,
535 2647 587 2686 qui
612 2649 671 2678 hoc
688 2659 796 2679 nomen
813 2661 932 2682 summa

214 2690 377 2729 diligentia
391 2690 553 2730 expedivit
565 2691 751 2722 etrestituit.
797 2694 932 2724 Exsulet

214 2743 287 2772 ergo
302 2733 396 2763 Lisius
408 2734 484 2764 illee
495 2733 573 2764 Coel.
584 2734 689 2764 Aurel.
703 2736 814 2765 Chrou.
829 2738 920 2768 1V.3

215 2781 246 2806 et
259 2782 423 2807 revocetur
432 2776 541 2807 Lusius
557 2777 594 2806 ad
609 2777 736 2808 formam
749 2781 927 2817 praeoeden-

212 2824 288 2855 tem,
308 2820 352 2850 uti
374 2831 496 2860 quoque
509 2820 589 2859 apud
608 2822 739 2851 eundem
758 2827 928 2859 auctorem,

214 2873 258 2892 se.
278 2863 325 2892 ΙΙ.
342 2867 371 2892 1.
387 2866 420 2893 7.
445 2868 529 2893 recte
546 2864 692 2893 occurrit.

213 2905 338 2935 Archon
356 2907 483 2946 Olymp.
500 2907 699 2937 LXXXVI.
718 2911 750 2938 1.
765 2909 812 2937 Ita
828 2909 927 2940 Codd.

212 2948 346 2979 Volcob.
360 2955 389 2979 et
409 2951 545 2981 Turneb.
559 2950 717 2981 Plutarchi
732 2951 762 2981 in
779 2952 929 2990 Isocrate,

212 3002 303 3031 quem
319 2996 419 3023 tamen
440 2993 491 3024 alii
507 2993 733 3034 Lysimachum,
745 2994 797 3026 alii
814 2996 928 3027 Nausi-

212 3035 489 3067 machuml'aciunt.
512 3038 672 3070 TAYLOR.

737 2863 793 2906 (8)
818 2865 929 2904 Lysias
963 2863 988 2892 C

1062 997 1130 1027 2και
1147 996 1173 1026 ἐν
1189 997 1263 1037 ὃλιγ.
1277 998 1317 1028 Α.

999 1068 1083 1089 ΥΠΕΡ
1105 1068 1169 1089 ΤΟΥ
1194 1069 1443 1095 ΙΞΡΛΤΟΣΘΕΝΟΥΣ
1473 1069 1583 1091 ΦΟΝΟΥ
1601 1070 1677 1091 Ano*

959 1102 1056 1123 AOPIA
1073 1102 1156 1123 ΚΑΤΑ
1179 1102 1242 1123 Tm·
1257 1102 1506 1125 ΕΡΑΤΟΣΘΕΝΟΥΣ
1518 1103 1676 1125 ΜΟΙΧΕῙΑΣ

961 1144 1081 1167 ΛΟΓΟΣ,
1125 1133 1293 1164 Connus.
1352 1135 1539 1173 Perperam3
1577 1143 1677 1173 neque

960 1175 1040 1205 enim
1062 1176 1205 1206 adulterii
1230 1178 1450 1208 Eratosthenes
1474 1177 1506 1207 in
1528 1178 1586 1208 hac
1609 1187 1676 1207 ora-

959 1219 1042 1248 tioue
1051 1226 1222 1256 accusatur,
1233 1221 1364 1259 sedjure
1372 1231 1486 1251 caesum
1497 1220 1678 1252 Eratosthe-

960 1272 1041 1298 nem,
1069 1263 1183 1303 quippe
1209 1263 1239 1292 in
1261 1265 1413 1294 adulterio
1441 1265 1676 1304 deprehensum,

961 1306 1142 1337 ostenditur.
1167 1307 1337 1338 Sturum.

1005 1349 1036 1378 Εἰ
1059 1347 1124 1390 ἦτε]
1161 1350 1340 1380 Lectionem
1366 1350 1457 1390 hujus
1468 1351 1531 1381 loci
1545 1361 1605 1381 non
1620 1350 1677 1381 im-

961 1393 1069 1432 probo.
1116 1392 1219 1424 Minus
1244 1394 1316 1424 ideo
1337 1394 1510 1424 necessaria
1526 1395 1677 1430 videatur,

961 1435 1209 1475 ingeniosissima
1239 1437 1322 1473 licet,
1350 1440 1528 1476 conjectura
1557 1437 1678 1467 Schotti

963 1479 1174 1519 Scaligeriquo
1189 1480 1404 1519 reponentium
1418 1491 1425 1509 :
1447 1479 1547 1522 οἷοίπερ
1561 1481 1593 1511 ἂν
1610 1481 1678 1521 ὑμῖν

962 1522 1058 1557 αὐτοῖς
1075 1523 1148 1554 εἴητε
1164 1525 1286 1554 τοιαῦτα,
1297 1522 1474 1558 πεπονθότες.
1518 1526 1679 1555 TAYLOR.

962 1566 1111 1596 Contu-axi
1132 1567 1162 1596 in
1187 1577 1280 1597 unum
1302 1568 1487 1597 vocabulum
1515 1567 1588 1598 εἴητε
1619 1567 1680 1597 ista

963 1610 1037 1645 duo,
1053 1610 1130 1639 male
1142 1609 1300 1646 distracta,
1316 1610 1340 1639 εἶ
1354 1608 1417 1641 ῗιτε.
1450 1611 1547 1650 Sequi
1564 1611 1679 1640 debue-

963 1657 1009 1682 rat
1035 1653 1147 1691 Taylor
1177 1653 1364 1694 Scaligerum
1396 1657 1427 1683 et
1446 1655 1604 1684 Schottum
1629 1653 1680 1683 hic

962 1701 1046 1726 recta
1062 1701 1231 1727 mouentes.
1274 1695 1456 1731 «πεπονθότες
1469 1698 1551 1729 idem
1561 1702 1620 1733 est,
1636 1700 1681 1727 at-

964 1750 1022 1779 que
1052 1740 1079 1769 si
1106 1740 1241 1770 dixisset
1267 1739 1289 1770 εἶ
1313 1738 1503 1771 ἔπεπόνθειτε.
1562 1741 1682 1771 ΒΕΙΞΚ.

964 1784 1105 1822 Utraque
1123 1784 1215 1814 lectio
1232 1788 1335 1823 potest
1351 1785 1485 1824 probari.
1499 1785 1640 1815 Auem.

1008 1826 1088 1867 Περὶ]
1112 1827 1220 1856 Malim
1245 1827 1295 1856 καὶ
1321 1826 1395 1867 περὶ,
1418 1829 1505 1858 etiam
1535 1828 1571 1857 de
1601 1827 1681 1858 aliis.

965 1870 1086 1899 Rmsr.

1008 1913 1068 1946 Τὰς
1097 1911 1218 1954 ζημίας]
1265 1912 1398 1943 Videtur
1412 1912 1560 1952 μεγίστοις
1583 1912 1680 1942 iuter-

964 1956 1140 1995 ponendum
1165 1967 1243 1986 esse.
1270 1955 1323 1986 vel
1344 1956 1507 1993 maximas,
1533 1955 1681 1995 gravissi-

966 2008 1044 2034 luaS‚
1071 1999 1287 2029 acerbissimas
1303 2010 1440 2039 quasque
1457 2010 1563 2039 poenas
1579 2000 1608 2029 in
1625 2000 1679 2029 ho—

965 2041 1099 2072 minibus
1124 2042 1196 2072 talia
1214 2043 1401 2083 patrantibus
1426 2048 1525 2073 tamen
1546 2043 1680 2073 minutas

966 2090 998 2115 et
1012 2085 1130 2115 meritis
1145 2086 1307 2116 inferiores
1322 2085 1397 2116 mihi
1411 2086 1559 2117 videmini
1571 2085 1682 2116 existi-

965 2129 1087 2158 maturi.
1110 2130 1217 2159 Imm.

1010 2174 1128 2212 Μακρὰς
1153 2170 1279 2213 ἡγεῖσθε]
1313 2171 1366 2202 Sic
1391 2173 1537 2211 vulgatae.
1553 2172 1597 2203 H.
1611 2173 1680 2203 Ste-

967 2215 1084 2254 phanus
1126 2226 1165 2245 ex
1201 2217 1380 2255 conjectura
1409 2218 1550 2256 μικρὰς
1587 2217 1681 2254 ἡγοῖ-

966 2258 1045 2289 σθε.
1081 2259 1183 2289 Infra:
1208 2258 1311 2289 Οὐδένα
1325 2257 1413 2293 οὕτως
1429 2259 1566 2299 ὀλιγώρως
1578 2259 1682 2289 διοικεῖ·

967 2301 1041 2332 σθαι
1056 2301 1137 2336 ὅστις
1151 2320 1195 2324 —
1207 2304 1321 2343 μικςῖέ
1333 2314 1346 2335 ς
1368 2301 1474 2343 ζημίαις
1491 2301 1583 2342 ἀξίους
1605 2303 1681 2340 ἡγεῖ-

966 2357 1016 2374 ται
1040 2347 1104 2380 τοὺς
1127 2365 1168 2370 -
1183 2347 1269 2376 istud
1289 2345 1399 2384 ἡγοῖσθε
1415 2351 1568 2385 praeterea
1590 2345 1679 2375 fidem

966 2389 1154 2419 nanciscitur
1170 2400 1209 2419 ex
1225 2389 1322 2420 Coisl.
1345 2390 1500 2420 TArLon.
1536 2390 1613 2429 Leg.
1627 2400 1682 2428 μι-

966 2433 1042 2473 κρᾶς.
1058 2433 1166 2464 CONT.

1011 2476 1070 2506 Οὐκ
1085 2476 1118 2506 ἂν
1131 2476 1186 2517 εἴη]
1230 2477 1272 2506 Et
1289 2475 1403 2511 nescio,
1423 2486 1460 2506 an
1475 2475 1523 2505 hae
1540 2474 1572 2504 in
1602 2485 1680 2505 moe-

966 2518 1040 2549 chos
1053 2520 1230 2550 constitutae
1245 2529 1358 2559 poeuae‚
1379 2529 1439 2548 non
1459 2519 1540 2557 apud
1559 2529 1614 2548 vos
1631 2529 1682 2548 so-

965 2562 1025 2598 los,
1042 2564 1098 2592 sed
1120 2564 1154 2593 in
1170 2561 1311 2593 universa
1329 2572 1452 2602 quoque
1468 2561 1588 2592 Graecia
1606 2565 1681 2592 ratae

965 2609 996 2634 et
1011 2606 1135 2636 sancitae
1149 2606 1220 2636 sint.
1266 2606 1392 2636 Rmsu.

1008 2647 1094 2679 ’'AJO.
1112 2649 1137 2679 ἐν
1161 2649 1280 2700 ἁπάσῃ]
1314 2649 1405 2679 Alius
1431 2648 1603 2688 quicunque
1633 2646 1682 2677 di-

964 2691 1064 2722 xisset
1079 2693 1159 2723 ἀλλὰ
1170 2703 1219 2722 και
1231 2691 1256 2722 ἐν
1269 2693 1324 2722 ἅπ.
1359 2692 1420 2721 Sed
1433 2693 1499 2722 haec
1515 2695 1563 2721 est
1578 2690 1682 2730 Lysiae

965 2735 1065 2764 nostri
1081 2736 1338 2775 breviloquentia,
1356 2745 1424 2774 quae
1440 2735 1532 2764 etiam
1551 2734 1590 2763 de
1609 2733 1682 2775 περι,

965 2779 1153 2816 quodmodo
1165 2779 1397 2813 annotabamus,
1407 2781 1547 2809 excuset.
1574 2777 1682 2808 IDEM.

1006 2820 1060 2850 Καὶ
1082 2820 1253 2863 ὀλιγαρχίᾳ]
1289 2823 1369 2859 Leg.
1394 2821 1445 2851 καὶ
1465 2819 1492 2851 ἐν
1514 2817 1681 2861 ὀλιγαρχίᾳ.

991 2874 1071 2894 ONT.

1005 2905 1074 2946 Πςδς
1095 2907 1159 2940 τοὺς
1180 2908 1220 2937 τὰ
1242 2904 1376 2946 μέγιστοι
1400 2904 1579 2947 δυναμένους]
1630 2905 1678 2935 Ad

964 2951 1091 2979 verbum
1108 2950 1322 2989 interpretare,
1335 2960 1405 2987 non,
1421 2951 1558 2980 adversus
1572 2959 1616 2979 eos
1629 2949 1681 2989 qui

960 2994 1087 3023 maxima
1099 2993 1212 3031 pollent
1224 2993 1353 3033 potentia
1361 3004 1372 3030 ,·
1404 2994 1471 3030 sed,
1485 2994 1517 3024 in
1530 3001 1680 3032 compara-

960 3038 1038 3067 tione
1053 3045 1153 3067 eorum
1168 3038 1219 3077 qui
1234 3035 1291 3068 διο.
1308 3037 1447 3068 Acer-,n-
