1819 3219
684 197 1017 240 PRAEFATIO.
1524 205 1571 245 13

127 313 228 358 gata.
286 309 324 346 Is
353 313 540 359 praeterea
569 320 688 358 quum
717 307 858 346 ceteris
886 307 925 344 in
955 307 1070 345 rebus
1097 309 1321 357 praestiterit
1352 311 1571 360 plurimum,

128 374 210 406 tum
228 381 273 406 ea
298 382 457 420 quoque
486 369 575 420 styli
597 368 874 419 perspicuitate
893 381 939 406 ac
959 368 1084 406 nitore
1105 368 1256 414 claruit,
1278 383 1393 419 quem
1413 373 1484 410 etsi
1503 387 1571 411 no-

128 428 213 467 bilis
233 430 382 469 Rhetor
399 432 590 469 Isocrates
610 430 778 468 imitatus
804 429 885 468 fere
915 430 976 475 sit,
1005 442 1131 479 neque
1159 435 1285 468 tamen
1307 430 1422 477 hunc,
1445 447 1571 484 neque

126 489 429 530 Demosthenem
458 491 585 542 ipsum
615 491 859 542 Eloquentiae
892 491 1120 542 principem,
1140 504 1265 541 neque
1293 492 1409 530 alium
1439 507 1571 543 quem-

126 566 239 604 quam
261 568 309 593 ex
329 555 541 594 illustribus
562 556 598 593 X
620 554 852 593 Oratoribus
873 554 1026 604 assequi
1046 554 1219 604 potuisse
1238 555 1360 592 omnis
1381 569 1456 594 una
1478 571 1572 596 voce

124 621 287 655 testatur
306 617 476 656 Graecia.
525 617 779 667 Quantopere
796 629 886 654 vero
907 616 1012 653 hisce
1032 615 1209 652 omnibus
1230 616 1442 655 subtilitate
1462 626 1571 656 ante-

123 678 297 724 cesserit,
328 692 375 717 ex
404 679 509 729 gravi
533 678 732 717 Ciceronis
763 678 800 715 in
831 678 934 716 libris
963 677 1011 714 de
1041 677 1206 715 Oratore
1230 678 1383 727 judicio
1413 680 1571 731 intelligi

122 738 226 778 licet.
283 740 362 778 Sed
381 740 429 778 de
450 740 506 778 his
527 740 641 784 alias;
665 753 766 778 nunc
787 744 916 777 autem
938 738 987 776 ad
1007 751 1100 785 rem,
1121 738 1170 776 de
1191 751 1268 788 qua
1287 739 1421 790 agitur,
1443 754 1570 780 rever-

123 801 287 840 tamur.”

177 867 205 884 “
224 863 354 908 Quum
384 864 500 915 igitur
529 866 628 903 hanc
656 865 780 915 Lysiae
812 864 967 902 uberem
998 863 1312 914 luculentamque
1344 864 1568 903 brevitatem

121 923 422 976 facultatemque
441 926 594 964 dicendi
622 940 645 964 a
665 925 884 975 Majoribus
913 925 1051 962 nostris
1078 925 1238 963 mirifice
1265 927 1468 976 probatam
1489 927 1570 964 lau-

121 985 331 1037 datamque
356 988 539 1034 intuerer,
570 987 694 1033 libuit,
721 986 835 1024 animi
855 986 988 1036 gratia,
1010 986 1158 1036 aliquas
1180 987 1209 1024 si
1230 1000 1382 1037 possem
1404 1001 1449 1025 ex
1469 988 1570 1026 illius

119 1048 359 1087 orationibus
380 1049 535 1087 Latinas
555 1048 718 1093 efficere,
746 1060 824 1097 quo
852 1060 929 1085 non
951 1047 1073 1085 solum
1095 1048 1219 1085 alieno
1248 1049 1483 1095 testimonio,
1506 1064 1570 1088 ve-

118 1121 203 1147 rum
223 1109 338 1148 etiam
359 1123 398 1148 re
419 1110 500 1160 ipsa
521 1110 630 1160 quasi
652 1108 826 1147 Oratoris
848 1109 1055 1159 praesentia
1075 1121 1120 1146 ac
1144 1122 1238 1147 voce
1259 1109 1343 1158 ejus
1365 1109 1419 1147 vis
1446 1112 1569 1149 omni-

121 1170 192 1209 bus
213 1170 464 1222 divinumque
491 1171 684 1222 ingenium
706 1170 980 1208 innotesceret.
1038 1171 1169 1214 Quare
1192 1184 1312 1220 quum
1334 1171 1569 1221 superiorem

119 1234 390 1271 convertissem
410 1233 598 1285 ἐπιτάφιον
619 1234 749 1281 λόγον,
770 1232 876 1269 volui
903 1237 942 1269 et
970 1231 1073 1269 illam
1100 1232 1148 1270 ad
1179 1237 1331 1270 nostros
1358 1233 1570 1272 orationem

118 1293 336 1341 traducere,
353 1308 441 1345 quae
459 1295 502 1332 in
516 1294 814 1333 Eratosthenem
834 1292 1051 1330 adulterum
1071 1293 1204 1332 habita
1220 1300 1335 1332 esset.
1366 1296 1456 1333 Hoc
1472 1299 1570 1334 enim

118 1357 157 1395 in
177 1357 366 1395 adulterio
386 1357 629 1409 deprehenso
649 1363 767 1408 atque
787 1357 1019 1406 interempto
1049 1357 1106 1394 sui
1135 1370 1206 1407 pro
1224 1371 1269 1396 ea
1289 1371 1443 1396 causam
1464 1360 1570 1398 necis

117 1425 250 1468 agunt.
307 1419 394 1457 Nex
413 1425 541 1457 autem
566 1419 670 1457 haud
698 1424 872 1469 negatur,
893 1419 961 1456 sed
983 1419 1163 1456 Moechus
1178 1418 1268 1467 jure
1291 1432 1415 1458 caesus
1434 1421 1568 1459 defen-

118 1480 234 1518 ditur.
288 1484 570 1531 Argumentum
591 1494 703 1518 omne
724 1479 940 1518 narratione
961 1485 1082 1530 patet.
1131 1479 1247 1518 Nunc
1270 1494 1317 1519 ne
1338 1495 1451 1532 quem
1474 1483 1570 1521 tanti

116 1539 218 1580 facio
238 1543 377 1581 imitari
406 1542 562 1581 omnino
594 1555 722 1594 neger,
750 1542 788 1580 id
812 1548 883 1588 est,
910 1555 957 1580 ne
983 1542 1020 1578 in
1042 1541 1148 1579 brevi
1175 1541 1350 1581 oratione
1376 1544 1570 1593 prolixior,

118 1603 186 1641 sim
204 1603 278 1642 hac
298 1604 347 1642 de
366 1617 406 1642 re
428 1604 520 1642 satis
540 1617 747 1655 superque,
763 1603 845 1653 jam
860 1603 994 1654 Lysias
1009 1604 1090 1653 ipse
1107 1603 1237 1641 dicere
1254 1603 1426 1654 incipiat.
1442 1606 1572 1644 Vale.''

171 1665 329 1704 Eaedem
362 1666 531 1716 denique
558 1666 750 1703 orationes
780 1665 959 1714 prodiere
993 1665 1132 1702 Coton.
1164 1665 1244 1703 Iac.
1274 1666 1423 1703 Soteris
1450 1670 1567 1705 1554.

116 1732 204 1764 8vo.
219 1727 427 1777 interprete
444 1727 648 1765 Francisco
666 1725 866 1764 Fabricio*⁴
881 1725 1184 1772 Marcodurano‚
1203 1731 1246 1763 ut
1262 1739 1308 1764 ex
1324 1727 1569 1766 Bibliotheca

116 1789 266 1826 Thuan.
288 1794 327 1826 et
345 1788 562 1826 Telleriana
581 1788 716 1826 didici.

168 1850 396 1887 Orationem
416 1849 594 1900 primam,
618 1862 706 1899 quae
734 1854 794 1886 est
822 1849 866 1887 de
893 1849 996 1887 caede
1015 1849 1294 1889 Eratosthenis
1323 1850 1504 1897 adulteri,
1527 1853 1569 1889 il-

113 1911 325 1949 lustrarunt
356 1916 396 1949 et
429 1916 626 1948 verterunt
657 1910 823 1960 plurimi.
881 1910 1031 1948 Prodiit
1059 1911 1132 1949 Gr.
1165 1912 1251 1949 Lat.
1285 1912 1322 1949 in
1353 1917 1435 1950 410.
1467 1927 1567 1951 anno

113 1977 218 2012 1549
243 1973 364 2012 Paris.
393 1973 496 2022 apud
529 1973 624 2010 Gul.
658 1972 865 2010 Morelium
896 1986 942 2009 ex
968 1972 1133 2010 adverso
1159 1973 1265 2011 AEdis
1295 1975 1566 2013 Remensium:

114 2034 265 2073 Renato
297 2034 498 2072 Guillonio
531 2034 787 2071 Vindocinaeo
818 2034 1044 2084 interprete,
1073 2040 1112 2072 et
1142 2034 1179 2071 in
1209 2035 1373 2072 eandem
1402 2038 1565 2074 Antonii

113 2095 294 2133 Bellaudi
326 2095 526 2133 Grassaeni
560 2094 719 2132 scholia.
793 2093 921 2143 Hujus
961 2094 1154 2133 Editionis
1194 2097 1403 2147 Exemplar
1440 2105 1566 2135 servat

112 2156 345 2195 Biblotheca
358 2156 521 2207 Collegii
535 2157 706 2194 Merton.
723 2156 852 2193 Oxon.
884 2155 1058 2194 Eandem
1076 2157 1207 2194 Latine
1223 2157 1393 2196 reddidit
1409 2172 1566 2209 suaeque

113 2218 345 2256 Graecorum
372 2219 580 2255 Oratorum
608 2217 780 2255 Editioni
810 2216 1012 2267 subjunxit
1043 2218 1094 2255 H.
1122 2218 1344 2268 Stephanus
1371 2221 1419 2258 A.
1447 2224 1565 2262 1575.

113 2280 230 2317 Anno
258 2279 398 2317 deinde
420 2283 608 2329 sequente
630 2279 784 2317 Gallice
804 2279 998 2317 transtulit
1018 2279 1186 2316 Iacobus
1208 2279 1414 2318 Contesins
1434 2282 1565 2321 Vinte-

111 2340 252 2378 millius
273 2346 311 2378 et
332 2340 456 2391 Lugd.
482 2340 606 2378 edidit
627 2340 664 2377 in
683 2345 773 2379 8vo.
802 2339 980 2378 Proxime
999 2342 1116 2387 (anno
1138 2353 1192 2378 sc.
1212 2344 1318 2379 1593
1339 2343 1502 2381 Cantab.
1525 2344 1562 2382 in

111 2403 218 2449 8vo.)
237 2403 309 2440 Gr.
332 2402 418 2440 Lat.
441 2402 638 2451 evulgavit
666 2402 745 2440 suis
772 2401 1101 2452 praelectionibus,
1123 2415 1218 2452 quas
1242 2404 1503 2456 Cantabrigiae
1526 2407 1561 2444 in

112 2463 256 2502 scholis
277 2463 445 2515 publicis
477 2463 625 2510 habuit,
658 2464 886 2502 illustratam
912 2463 1084 2502 Andreas
1112 2465 1312 2513 Dunaeus†
1333 2467 1561 2506 Hellenismi

157 2548 176 2567 ⁴*
191 2549 373 2579 Franciscus
401 2548 561 2579 Fabricius
576 2549 652 2579 obiit
669 2549 708 2579 A.
729 2551 822 2580 1573.
857 2549 1002 2592 Salopiaf,
1027 2550 1177 2581 admissus
1205 2556 1269 2582 erat
1293 2552 1474 2593 Discipulus
1496 2555 1561 2585 Col.

115 2591 248 2632 Collegit
278 2592 436 2622 historiam
467 2592 636 2622 Ciceronis.
691 2593 824 2631 Scripsit
858 2594 899 2622 D.
921 2595 1004 2622 Ioan.
1029 2593 1115 2623 Cant.
1139 2604 1192 2632 pro
1222 2595 1350 2624 Domina
1378 2597 1561 2627 Fundatrice

115 2635 335 2665 Annotationes
360 2635 391 2665 in
406 2635 581 2664 Terentium
598 2640 628 2664 et
646 2635 675 2664 in
694 2636 822 2665 Paulum
857 2637 940 2665 Nov.
955 2638 986 2666 7.
1003 2636 1097 2666 1567.
1114 2635 1268 2676 [Registr.
1283 2638 1350 2668 Col.
1362 2639 1462 2679 Ioan.]
1476 2640 1514 2670 A.
1528 2642 1562 2669 B.

115 2677 269 2707 Orosium.
306 2677 379 2708 Vid.
400 2678 527 2707 Sweert.
555 2677 702 2708 Biblioth.
732 2679 822 2717 Belg.
860 2681 1016 2709 1570—1.
1041 2679 1152 2718 [Regr.
1169 2680 1282 2722 Acad.]
1305 2682 1412 2711 Socius
1433 2683 1563 2722 Collegii

115 2730 147 2758 p.
168 2722 241 2751 243.
267 2721 389 2751 Hanck.
412 2721 454 2750 de
475 2721 508 2750 S.
523 2722 559 2750 R.
572 2721 612 2749 R.
639 2732 669 2761 p.
694 2723 726 2750 2.
751 2731 822 2761 pag.
857 2732 913 2760 pro
942 2723 988 2751 M.
1007 2722 1121 2761 ssayley
1143 2723 1217 2761 Apr.
1236 2727 1266 2755 6.
1291 2726 1385 2754 1571.
1410 2726 1561 2764 [Registr.

116 2764 190 2793 144.
857 2763 940 2804 Col.]
958 2766 993 2794 A.
1012 2766 1054 2794 Μ.
1074 2767 1168 2795 1574.
1189 2766 1299 2806 [Regr.
1321 2767 1431 2806 Acad.]
1449 2770 1479 2797 S.
1502 2769 1559 2799 Th.

158 2805 325 2837 tAndreas
349 2807 484 2835 Dunaeus
507 2806 674 2848 [Downes]
698 2817 736 2836 ex
751 2817 823 2845 agro
858 2808 933 2837 Bac.
959 2809 1052 2839 1582.
1082 2807 1188 2848 [ibim]
1216 2819 1294 2838 anno
1319 2810 1437 2838 demum
1467 2812 1561 2843 1586.

117 2848 288 2887 Salopiensi
304 2848 465 2884 oriundus,
479 2848 641 2888 literisque
667 2850 823 2879 institutus
857 2851 972 2880 Graecae
986 2850 1099 2888 linguae
1116 2851 1285 2880 Professor.
1326 2852 1490 2890 Postquain
1507 2864 1559 2883 nu-

117 2899 176 2919 una
198 2900 266 2920 cum
295 2891 417 2930 inclyto
439 2892 580 2921 Roberto
603 2893 741 2922 Essexiae
763 2894 822 2922 Co·
856 2902 1004 2922 memsam
1025 2895 1219 2931 juventutem
1243 2894 1339 2923 literis
1361 2895 1441 2924 domi
1470 2896 1561 2926 insor-

117 2932 202 2968 mite,
214 2935 263 2963 cui
287 2935 407 2972 Lysiam
425 2934 594 2974 inscripsit,
607 2946 624 2965 a
639 2936 686 2965 M.
704 2936 822 2965 Asbton
856 2943 1002 2970 mavcrat,
1016 2936 1228 2974 Clirysostonii
1243 2936 1371 2966 editioni
1387 2938 1559 2969 Savillianw

111 2976 147 3004 in
173 2976 257 3015 regia
281 2977 506 3008 Grammaticali
533 2978 654 3014 Schola,
682 2989 748 3018 quae
777 2984 823 3008 est
857 2979 1038 3008 adornandae
1051 2985 1081 3008 et
1099 2979 1210 3008 Bibliis
1227 2979 1255 3008 in
1272 2979 1403 3020 linguam
1416 2981 1559 3021 Anglica-
