1819 3219
562 183 905 227 LECTIONES
939 183 1231 226 LYSIACAE.
1515 183 1595 224 135

138 300 226 344 quet
238 308 285 332 ex
302 296 381 330 eod.
413 295 571 337 Laertio,
591 296 628 328 et
649 293 825 337 Harpocr.
853 292 889 325 in
915 293 1106 337 Φαρμακός.
1159 289 1337 333 Ejusdem
1364 290 1408 322 de
1436 289 1598 333 Legibus

141 354 229 388 liber
245 352 378 386 citatur
395 350 439 383 ab
457 350 674 393 Harpocrat.
694 349 780 382 etin
799 347 972 391 Digestis,
1022 345 1287 380 Callimachum
1306 346 1341 377 ἐν
1361 348 1408 388 τῷ
1425 347 1524 389 τρίτῳ
1543 347 1600 377 πί-

141 420 218 442 νακι
230 411 298 441 τῶν
314 407 427 450 νόμων
445 404 570 439 laudat
586 404 789 438 Athenaeus
806 403 830 436 l.
851 405 904 436 13.
920 414 954 446 p.
967 404 1048 436 585.
1076 399 1311 434 Heraclidem
1329 399 1520 434 Ponticum
1538 414 1599 433 πε-

139 464 170 507 ρὶ
184 463 296 506 νόμων
314 461 495 494 Laertius.
546 459 605 493 De
621 459 781 503 Legibus
798 457 937 502 scripsit
948 458 1125 497 Pittacus,
1143 457 1185 488 ut
1198 456 1342 488 constat
1356 464 1402 487 ex
1417 454 1517 487 Suid.
1542 454 1600 487 De

140 517 416 551 Atheniensium
437 517 575 560 legibus
592 517 629 549 et
646 515 820 555 moribus,
846 515 1006 558 itemque
1024 514 1068 547 de
1094 512 1296 547 dicasteriis
1321 510 1601 545 Atheniensium

139 572 335 616 Telephus,
352 575 395 606 ut
411 574 525 617 liquet
539 583 587 606 cx
606 573 733 606 eodem
750 583 758 606 ε
787 582 807 604 a
824 581 896 615 quo
914 570 1023 604 etiam
1041 571 1122 603 inv.
1141 570 1306 614 Ζαμόλὲις
1321 568 1489 601 laudatur
1508 566 1601 601 Hel—

140 626 279 660 lanicus
305 629 342 660 ἐν
370 630 532 672 νομίμοις.
584 626 760 670 Hemippi
798 626 930 659 librum
961 626 1114 669 primum
1142 626 1217 668 περὶ
1253 624 1443 667 νομοθετῶν
1476 621 1602 655 laudat

141 680 342 715 Athenaeus
360 682 383 715 l.
403 684 438 715 4.
451 693 489 725 p.
508 683 586 715 154.
605 683 642 714 et
658 681 807 724 Origen.
829 682 859 714 l.
879 691 911 714 e.
932 679 1027 714 Cels.
1055 679 1187 712 librum
1218 677 1421 711 secundum
1440 676 1602 721 Porphy-

139 735 214 768 rius
227 737 301 769 4t0.
319 739 395 781 περὶ
409 738 561 780 ἀποχῆς,
581 736 709 769 librum
729 737 874 770 sextum
892 735 1095 768 Athenaius
1114 735 1137 768 l.
1156 735 1213 767 14.
1231 744 1267 777 p.
1286 734 1369 766 619.
1387 731 1603 766 Plethonem

140 791 331 825 Theodoro
349 793 457 826 Gazae
475 792 652 836 aequalem
671 794 708 825 ἐν
725 795 795 831 τοῖς
812 793 887 835 περὶ
905 791 1100 834 νομοθεσίας
1117 790 1233 833 λόγοις
1245 788 1371 821 laudat
1390 787 1465 831 ipse
1481 786 1604 820 Theo·

140 847 251 881 dorus
267 847 303 881 in
327 848 449 881 libello
476 848 520 881 ‹lc
538 847 744 880 Mensibus.
795 846 984 886 Quantum
1001 843 1069 876 ista
1095 843 1287 886 disciplina
1315 841 1447 874 debeat
1468 843 1602 873 nostrae

142 912 290 947 quoque
313 902 517 945 industriae,
536 902 658 935 malim
685 900 838 942 intelligi
856 910 902 932 ex
921 898 1182 931 commentario
1201 898 1245 930 de
1266 897 1357 940 Rep.
1376 895 1605 932 Atheniensi.

141 967 248 1001 quem
270 957 386 991 indies
402 968 500 1001 parc,
519 969 629 1001 quam
654 967 699 990 ex
718 967 761 989 ea
778 955 872 996 luce,
898 964 1007 998 quam
1026 954 1158 997 adepta
1179 955 1235 986 est
1250 952 1399 986 Themis
1416 951 1541 985 Attica
1556 961 1605 984 ex

142 1011 312 1046 hodierna
331 1012 454 1056 Lysiae
469 1013 627 1045 editione
643 1023 651 1050 3
679 1020 888 1056 quanquam
910 1008 1085 1041 nonnulla
1103 1009 1263 1049 sortasse,
1290 1018 1409 1051 neque
1436 1018 1480 1040 ea
1497 1006 1603 1040 levis-

143 1067 244 1109 sima,
263 1070 300 1101 et
329 1067 386 1100 hic
411 1078 556 1112 quoque
583 1067 760 1110 legantur,
790 1075 871 1109 quae
891 1064 1040 1097 aliorum
1059 1063 1272 1096 industriam
1298 1063 1448 1096 clusere.
1499 1061 1544 1094 In
1561 1070 1604 1094 eo

142 1133 262 1167 opere,
280 1124 338 1157 eui
355 1122 435 1168 (ubi
453 1123 694 1167 pauxillulum
713 1121 783 1155 ocii
811 1121 856 1155 ab
874 1120 1021 1153 infinitis
1035 1119 1106 1153 sere
1125 1119 1220 1152 curis
1237 1119 1331 1152 circa
1349 1121 1459 1163 caput
1475 1118 1605 1151 salien-

141 1177 239 1212 tibus
258 1180 385 1212 nactus
403 1178 486 1222 sim)
501 1177 663 1211 maxime
677 1187 817 1220 semper
827 1186 909 1209 cum
925 1174 1164 1208 delectatione
1180 1173 1390 1207 incumbere
1405 1173 1515 1213 soleo,
1532 1182 1605 1205 non

142 1233 297 1267 eundem
317 1232 404 1266 mihi
421 1233 580 1266 ordinem
600 1231 818 1265 servandum
845 1241 922 1264 esse
951 1228 1057 1271 duxi,
1089 1239 1195 1273 quem
1222 1229 1367 1262 Petitus
1385 1227 1518 1271 aliique
1538 1226 1606 1260 sibi
1622 1224 1685 1253 '706

142 1291 311 1322 statuere.
363 1289 457 1321 Nam
486 1288 547 1321 ubi
574 1287 758 1321 historiam
793 1286 912 1329 gentis
948 1285 1104 1319 breviter
1130 1286 1341 1328 persecutus
1368 1283 1469 1317 fuero
1496 1285 1533 1315 et
1559 1281 1606 1315 ad

142 1344 324 1390 quandam
342 1345 445 1387 quasi
462 1343 707 1376 maturitatem
727 1342 943 1386 perduxere,
963 1352 1042 1374 eam
1063 1351 1110 1373 sc.
1130 1351 1214 1385 quae
1233 1343 1269 1372 et
1285 1349 1403 1372 rerum
1422 1341 1606 1381 gestarum

142 1399 338 1444 legumque
364 1398 635 1432 condendarum
654 1397 803 1440 gloriam
821 1397 1015 1430 terminare
1028 1394 1270 1439 judicabitur,
1288 1394 1464 1427 nonnulla
1479 1393 1607 1436 praefa-

142 1456 244 1488 turus
260 1464 337 1487 esse
354 1453 442 1486 mihi
458 1453 581 1486 videor
600 1453 645 1486 de
665 1453 864 1497 νομοθεσίας
880 1451 1028 1484 historia
1046 1453 1083 1483 et
1102 1448 1241 1482 ratione
1258 1460 1266 1483 :
1296 1449 1340 1482 dc
1361 1449 1505 1491 Legum
1521 1446 1607 1481 scri—

142 1508 344 1542 bendarum
361 1507 724 1551 abrogandarumque
743 1508 832 1541 ritu:
862 1506 907 1540 de
925 1505 1153 1546 condicione,
1174 1507 1296 1546 aetate,
1315 1504 1421 1546 fama,
1439 1503 1609 1537 fortunis-

144 1573 215 1608 que
234 1563 547 1606 Legumlatorum,
567 1562 628 1606 qui
654 1562 801 1606 plurimi
829 1561 976 1596 fuerint:
1007 1561 1053 1594 de
1071 1561 1228 1594 nummis
1244 1560 1403 1604 denique
1421 1562 1457 1592 et
1481 1569 1611 1592 monu-

144 1617 291 1651 mentis:
319 1617 364 1650 de
382 1616 614 1650 formularum
633 1617 916 1660 pactionumque
934 1615 1162 1660 publicarum
1191 1615 1419 1655 solennitate,
1449 1615 1485 1647 et
1508 1624 1610 1658 quae-

145 1683 289 1717 cunque
307 1672 352 1706 ad
370 1674 474 1705 actus
491 1672 669 1715 legitimos
695 1674 732 1704 et
758 1671 1039 1705 moderationem
1070 1669 1298 1713 Reipublieae
1316 1669 1495 1713 pertinere
1512 1668 1611 1702 vide-

144 1728 291 1762 buntur.
341 1726 486 1760 Deinde
508 1726 544 1759 in
571 1725 734 1768 Legibus
752 1725 983 1760 recensendis
1013 1736 1095 1758 eum
1114 1724 1264 1757 modum
1282 1723 1520 1766 ordinemque
1538 1725 1611 1756 tra-

144 1782 267 1816 ctandi
281 1781 367 1816 mihi
386 1782 599 1825 praescripsi,
614 1792 723 1825 quem
743 1781 995 1824 unusquisque
1010 1783 1171 1813 nostrum
1188 1778 1345 1812 vivendo
1358 1777 1609 1812 describimus.

146 1837 240 1872 Nam
255 1836 332 1880 jam
348 1837 432 1870 inde
451 1848 471 1869 a
487 1836 669 1870 natalibus
693 1835 810 1868 civem
828 1835 1090 1868 Atheniensem
1118 1834 1273 1867 meditor
1290 1832 1484 1873 deducere,
1502 1833 1609 1867 ritus-

144 1902 216 1938 que
230 1894 266 1926 et
291 1890 409 1936 patria
430 1891 595 1925 instituta
613 1902 688 1924 una
704 1890 883 1935 persequi,
903 1900 986 1934 quae
1013 1889 1193 1932 singulam
1210 1890 1356 1922 aetatem
1371 1890 1408 1921 et
1425 1887 1610 1921 condicio-

145 1957 228 1981 nem
244 1946 459 1990 respiciant:
486 1947 632 1991 qualem
651 1957 701 1980 sc.
720 1957 759 1979 se
785 1955 906 1988 gerere
923 1947 1092 1988 oporteat
1109 1944 1205 1977 domi
1225 1944 1292 1977 sub
1317 1943 1426 1987 patris
1444 1944 1610 1987 imperio,

146 2002 291 2047 qualem
317 2001 400 2035 foris
424 2001 490 2035 sub
507 2003 750 2045 praeeeptore3
777 2000 864 2044 quid
894 2000 939 2033 ab
958 2003 1095 2034 armato
1114 2000 1237 2040 milite,
1255 1998 1342 2043 quid
1361 2009 1382 2031 a
1399 1999 1609 2032 consulente

146 2067 231 2091 sene
244 2058 497 2100 exspectetur3
523 2056 605 2100 quis
633 2056 762 2089 modus
786 2055 997 2098 injudiciis‚
1025 2054 1107 2099 quis
1131 2054 1167 2088 in
1191 2054 1293 2088 curia
1309 2056 1500 2087 statuatur.
1552 2054 1610 2088 Eo

147 2121 277 2155 nempe
297 2110 446 2144 consilio
464 2114 500 2143 et
516 2110 699 2143 scribendi
717 2110 856 2143 ratione
874 2109 1104 2154 expositurus
1121 2120 1182 2142 ero
1201 2108 1310 2142 vitam
1329 2107 1610 2142 Atheniensium

147 2176 219 2199 non
237 2165 352 2199 solum
367 2165 548 2209 publicam
575 2168 612 2198 et
629 2165 787 2207 civilem,
807 2175 934 2198 verum
962 2164 1075 2198 etiarn
1096 2174 1172 2198 una
1188 2163 1363 2207 privatam
1381 2166 1419 2196 et
1435 2163 1608 2197 domesti-

148 2232 226 2255 cam
242 2233 250 2261 ;
275 2221 406 2254 deinde
422 2231 504 2254 cum
530 2221 673 2263 Legum
692 2221 791 2254 uberi
815 2220 1028 2264 tractatione
1047 2220 1319 2263 Antiquitatum
1338 2219 1449 2252 etiam
1468 2219 1610 2252 thesau-

148 2286 227 2310 rum
243 2275 500 2320 complexurus
521 2275 680 2319 simplici
704 2275 863 2321 quodam
886 2277 924 2309 et
946 2275 1100 2309 naturali
1118 2274 1242 2308 ordine
1268 2274 1462 2317 digestum.
1512 2274 1609 2308 Mihi

148 2331 309 2376 quidem,
333 2333 509 2365 utineam
540 2332 699 2363 mentem
727 2340 921 2375 exponam,
950 2341 1024 2374 prae
1052 2329 1183 2363 ceteris
1206 2328 1419 2363 eruditionis
1446 2329 1610 2372 partibus

147 2385 378 2420 vehementer
394 2395 536 2429 semper
558 2385 696 2428 placuit
712 2384 780 2418 ista
803 2384 1081 2418 commentatio:
1110 2383 1236 2426 Hujus
1254 2383 1376 2427 populi
1402 2385 1439 2416 et
1456 2383 1550 2416 bello
1573 2385 1612 2416 et

149 2450 239 2484 paee
264 2438 453 2473 clarissimi
481 2437 636 2472 Annalis
663 2440 699 2471 et
723 2438 1055 2482 Jurisprudentiam
1081 2448 1226 2481 semper
1255 2447 1341 2470 cum
1370 2437 1610 2471 delectatione

150 2494 279 2536 evolvi;
308 2494 383 2528 sive
400 2494 496 2539 quod
526 2493 679 2527 naturali
697 2494 868 2538 aequitate
887 2497 924 2533 et
940 2494 1089 2527 honesta
1112 2493 1270 2538 quadam
1289 2493 1465 2537 sapientia
1482 2504 1526 2527 ea
1541 2493 1611 2527 Ju-

151 2549 393 2594 risprudentia
410 2548 565 2593 polleret
588 2548 765 2588 maxime;
792 2548 866 2582 sive
884 2548 997 2592 quod,
1022 2550 1064 2581 ut
1090 2550 1293 2582 ceterarum
1321 2558 1440 2581 rerum
1458 2547 1611 2591 praecla-

148 2603 383 2646 rissimarum,
399 2603 451 2636 ita
467 2604 503 2635 et
520 2604 721 2647 νομοθεσίας
733 2604 877 2646 quoque
895 2601 1094 2646 primordia
1109 2612 1193 2635 cum
1204 2601 1437 2644 jucunditate
1454 2602 1611 2635 recolere

151 2659 341 2692 soleamus.
384 2658 425 2691 P.
442 2657 540 2690 enim
558 2658 604 2690 A.
622 2658 760 2700 primus
777 2656 925 2690 fortasse
944 2651 1039 2690 inter
1056 2656 1221 2700 profanas
1245 2656 1364 2699 gentis
1382 2655 1609 2699 Reipublicae

151 2711 290 2756 legibus
303 2716 340 2746 et
355 2712 528 2746 institutis
547 2712 698 2745 firmatae
717 2711 927 2754 exemplum
944 2710 1071 2744 edidit.
1123 2710 1233 2751 Quod
1250 2710 1336 2743 licet
1352 2710 1552 2751 inventum,
1569 2712 1611 2742 ut

152 2768 270 2800 cetera.
297 2766 441 2810 egregia
458 2765 591 2806 omnia,
610 2766 655 2799 ab
673 2765 855 2809 AEgyptiis
873 2768 1069 2809 repetatur,
1096 2776 1164 2808 ego
1190 2765 1324 2809 potius,
1343 2767 1493 2808 propter
1510 2774 1609 2796 com-

152 2821 370 2863 munionem,
388 2833 472 2867 quae
490 2822 583 2854 inter
600 2832 660 2854 eas
677 2822 795 2864 gentis
810 2821 893 2854 olim
916 2821 1129 2861 intercessit,
1156 2821 1402 2854 existimarem
1419 2829 1533 2853 unum
1550 2819 1608 2853 fu-

153 2875 236 2916 isse,
267 2876 330 2920 qui
359 2877 520 2921 utrisque
538 2876 636 2920 leges
654 2876 766 2919 dedit,
789 2886 974 2920 unamque
993 2876 1170 2909 ambabus
1187 2875 1296 2909 fuisse
1321 2875 1433 2919 νόμων
1449 2873 1607 2908 διάθεσιν.

153 2930 225 2963 Vel
249 2930 395 2965 fortasse
419 2933 533 2966 multa
559 2933 605 2966 ab
623 2931 806 2975 AEgyptiis
823 2931 959 2965 utiliter
977 2932 1119 2975 reperta
1140 2927 1409 2974 illaclzrymabili
1433 2934 1530 2962 nocte
1544 2939 1607 2962 ur-

151 2990 281 3030 gemm·

653 3041 675 3057 “
690 3040 825 3074 Carent
842 3041 928 3084 quia
945 3039 1039 3073 Vate
1055 3037 1192 3072 sacro.''
