1819 3219
409 501 821 556 PRAEFATIO
862 499 1217 554 TAYLORI

792 638 808 655 Λ
817 637 835 655 D

287 725 726 767 EDITIONEM
776 725 1344 768 LONDINENSEM.

79 926 292 964 TANDEM
315 940 413 964 nova
430 927 514 965 hoec
531 928 657 979 Lysiae
675 927 819 973 Editio,
842 928 1028 966 benevole
1050 929 1206 976 Lector,
1229 928 1348 966 serius
1371 927 1533 964 fortasse

79 1000 194 1038 quam
210 989 398 1038 oportuit,
414 989 533 1026 serius
553 995 657 1027 certe
674 1002 789 1039 quam
810 996 877 1027 aut
893 990 1082 1028 destinavi
1099 997 1164 1028 aut
1179 990 1392 1040 praevidere
1407 988 1532 1040 potui,

81 1051 120 1088 in
142 1064 273 1088 manus
294 1057 380 1089 tuas
400 1058 438 1089 et
457 1051 652 1100 judicium
677 1052 877 1102 publicum
906 1053 1022 1090 venit.
1079 1051 1178 1089 Nam
1201 1053 1278 1090 sive
1298 1051 1368 1089 fuit
1392 1064 1473 1088 mea
1494 1050 1533 1087 in

83 1112 212 1162 operis
232 1113 540 1163 Typograplnicis
572 1113 719 1151 novitas
747 1120 785 1151 et
813 1113 1037 1157 insolentia;
1070 1113 1149 1151 sive
1181 1114 1326 1151 itineris
1353 1112 1534 1163 spatium,

85 1174 192 1223 quod
212 1174 368 1211 Chartae
391 1174 552 1225 singulae
573 1175 675 1212 ultro
696 1175 875 1225 citroque
894 1175 1162 1220 confecerunt,
1183 1181 1301 1225 atque
1322 1175 1420 1212 adeo
1441 1187 1536 1211 non-

83 1235 199 1272 nullae
222 1236 368 1274 odiosae
388 1237 651 1282 difficultates,
674 1250 762 1287 quae
785 1237 977 1275 hominem
999 1237 1123 1275 minus
1149 1238 1360 1288 gratiosum
1388 1237 1423 1274 in
1452 1237 1537 1274 lite-

82 1297 181 1334 raria
201 1297 273 1335 ista
288 1298 568 1336 consuetudine
589 1298 816 1336 accomitari
836 1301 976 1344 solent;
999 1299 1075 1337 sive
1096 1300 1264 1350 denique
1278 1299 1382 1336 varia
1398 1305 1437 1336 et
1452 1311 1537 1348 gra—

79 1357 186 1395 viora
213 1358 368 1409 negotiu
395 1358 639 1409 Reipublicae
669 1366 812 1396 nostrae
841 1360 1102 1406 Academicae,
1135 1374 1238 1411 quae,
1269 1360 1414 1398 interea
1443 1360 1535 1397 dum

81 1420 233 1470 prelum
253 1420 520 1467 exercebatur,
537 1434 660 1459 meam
677 1422 989 1472 qualemcunque
1009 1435 1165 1473 operam
1186 1423 1233 1460 ad
1256 1436 1343 1461 suas
1363 1436 1423 1460 res
1445 1422 1537 1459 obe-

77 1481 198 1520 undas
218 1482 373 1532 publice
391 1482 584 1528 excitavit,
606 1489 645 1520 et
666 1496 754 1533 quae
774 1484 903 1521 omnia
922 1484 1012 1522 vitae
1035 1498 1129 1522 meae
1151 1483 1280 1523 officia
1309 1484 1445 1522 merito
1465 1496 1534 1521 suo

80 1544 245 1581 maximo
267 1544 471 1582 vendicare
491 1550 642 1595 potest;
663 1544 852 1595 quicquid
874 1545 911 1582 id
934 1546 1088 1583 demum
1110 1545 1198 1591 fuit,
1221 1559 1293 1596 per
1313 1545 1537 1583 sexennium

81 1612 122 1644 et
139 1605 305 1656 amplius
326 1606 560 1656 productum
576 1613 633 1643 est
651 1619 762 1656 opuS,
782 1606 890 1655 quod
907 1606 1006 1644 infra
1026 1607 1268 1657 angustiores
1287 1607 1426 1645 limites
1443 1619 1537 1644 con-

85 1666 245 1704 clusisse
267 1666 393 1704 forsan
423 1672 636 1717 potuerunt
664 1673 730 1704 aut
759 1667 1047 1713 fortunatimes,
1070 1675 1135 1706 aut
1159 1675 1264 1706 certe
1285 1669 1408 1705 minus
1428 1680 1537 1705 exer—

85 1728 208 1765 citati.

136 1790 291 1827 Moram
307 1790 344 1826 in
366 1789 536 1834 edendo,
560 1789 684 1839 qualis
706 1789 834 1835 fuerit,
855 1790 1054 1840 accepisti.
1112 1791 1252 1829 Utrum
1281 1805 1325 1829 ea
1350 1792 1398 1829 sit
1416 1804 1538 1829 necne

81 1858 126 1889 ut
144 1851 194 1889 ab
210 1851 314 1889 omni
335 1850 495 1888 desidiae
517 1851 759 1900 turpitudine
782 1851 934 1888 liberari
954 1852 1120 1901 possim:
1155 1853 1209 1902 id,
1229 1865 1307 1890 uua
1327 1865 1414 1890 cum
1434 1852 1537 1898 libri,

81 1926 196 1964 quem
217 1912 332 1950 hodie
351 1925 502 1950 versare
523 1912 739 1962 occoepisti,
764 1912 932 1958 fortuna,
953 1926 1114 1962 meaque
1129 1913 1226 1951 adeo
1239 1914 1536 1958 existimatione,

83 1988 199 2025 quam
220 1975 257 2012 in
278 1987 324 2012 eo
345 1974 457 2012 sitam
477 1987 560 2012 esse
578 1974 706 2022 video,
728 1974 813 2019 tibi,
838 1975 1021 2012 benevole
1045 1976 1180 2020 lector,
1203 1983 1361 2027 tuaeque
1382 1984 1537 2014 senten-

83 2037 148 2074 tiae
169 2036 381 2074 committo.
438 2035 494 2073 Ea
511 2042 638 2073 tamen
660 2037 744 2086 lege
767 2037 981 2081 committo,
1006 2042 1060 2083 ut,
1083 2037 1113 2074 si
1135 2037 1292 2083 habeas,
1312 2037 1378 2075 ubi
1395 2037 1539 2087 ingenii

83 2099 290 2145 solertiam,
307 2096 506 2135 divinandi
523 2096 759 2144 felicitatem,
777 2106 894 2148 atque
912 2098 950 2136 in
966 2099 1088 2136 literis
1103 2099 1418 2137 exercitationem
1435 2100 1538 2137 desi-

82 2161 208 2205 deres,
232 2159 329 2197 nolis
358 2159 504 2196 interea
531 2160 787 2198 temeritatem
815 2160 1066 2210 exprobrare,
1096 2161 1203 2210 quod
1233 2160 1272 2197 iu
1306 2161 1537 2198 alienissimo

83 2221 324 2272 Reipublicae
349 2220 528 2258 literariae
561 2226 752 2272 tempore,
774 2221 1122 2259 infructuosissima
1142 2222 1311 2259 omnium
1333 2222 1460 2260 studia
1480 2228 1538 2261 at-

85 2296 162 2333 que
179 2289 279 2321 artes
300 2283 411 2333 plane
433 2281 620 2321 deciduas
634 2284 889 2326 excoluerim;
914 2283 1020 2333 qnod
1035 2283 1152 2333 juxta
1174 2284 1349 2328 Poetam,

381 2380 390 2394 ‘
407 2377 556 2406 Laborem
573 2379 779 2416 provocandO,
803 2379 1011 2416 perd-ornando
1027 2378 1153 2407 taedium

408 2420 547 2449 Forsitan
564 2431 619 2450 nec
636 2421 717 2451 lecta
732 2422 838 2451 multis
855 2432 871 2451 e
889 2421 1014 2451 latebris
1030 2420 1231 2460 scalpserim?

84 2513 178 2550 Esto
207 2525 321 2550 sane:
355 2512 420 2550 sed
449 2512 540 2550 (lum
563 2513 729 2563 quisque
751 2526 841 2551 suos
862 2514 1009 2564 patitur
1030 2515 1182 2561 Manes,
1213 2513 1349 2564 quidni
1369 2527 1441 2564 ego
1462 2527 1538 2551 non

83 2581 239 2624 paterer
260 2575 441 2613 nostros?
501 2576 581 2613 Cur
601 2574 870 2620 hereditatem,
894 2588 982 2626 quae
1006 2575 1098 2613 mihi
1119 2576 1293 2625 obvenit,
1316 2576 1537 2614 damnosam

85 2638 194 2684 licet,
228 2650 304 2675 non
340 2637 564 2677 cernerem?
619 2638 719 2675 Nam
750 2650 839 2674 cum
869 2637 937 2675 diu
965 2645 1036 2682 est,
1059 2637 1165 2687 quod
1186 2638 1233 2675 ad
1258 2644 1427 2676 vetustos
1446 2638 1540 2675 scri-

85 2706 216 2748 ptores
238 2700 531 2745 emaculandos‚
560 2699 590 2737 si
617 2699 743 2736 minus
772 2706 923 2746 natura,
946 2712 1014 2737 usu
1041 2705 1170 2737 tamen
1199 2700 1332 2750 aliquo
1353 2706 1391 2736 et
1412 2698 1543 2736 studio

85 2761 300 2810 deferebar,
322 2775 389 2799 eos
412 2763 587 2808 maxime,
606 2775 703 2811 quos
725 2761 861 2799 scirem
882 2768 919 2799 et
932 2761 1033 2811 juris
1053 2762 1202 2812 antiqui
1223 2761 1538 2809 consultissimus,

85 2828 125 2860 et
145 2830 324 2873 parentes
344 2823 466 2861 civilis
489 2825 676 2867 scientias,
694 2823 786 2860 mihi
803 2823 1089 2862 commendavit
1105 2823 1298 2872 Majorum
1321 2829 1542 2860 nostrorum

86 2884 319 2922 auctoritas:
358 2885 442 2935 qui,
462 2886 501 2922 in
530 2886 660 2923 Domo
691 2890 822 2922 nostra
853 2885 1044 2922 bonarum
1072 2885 1213 2922 artium
1239 2883 1538 2928 foecundissima,

88 2944 286 2993 antiquam
325 2946 676 2997 Jurisprudentiam
707 2946 892 2985 incultam
926 2960 1009 2985 esse
1047 2946 1265 2992 noluerunt,
1298 2959 1542 2996 quorumque

802 3019 826 3044 Β
