1839 3229
691 577 1093 632 ΛὙΣΙΟὙ

394 740 660 788 ΚΑΤΑ
732 735 1401 787 ΑΛΚΙΒΙΑΔΟΥ

614 873 1172 918 ΛΕΙΠΟΤΑΞΙΟΥ.

737 1085 1048 1124 ΥΠΟΘΕΣΙΣ.

212 1190 388 1220 Alcibiades
401 1189 571 1220 Alcibiadis
584 1188 675 1224 filius,
694 1187 772 1217 inter
787 1185 910 1220 ὁπλίτας
924 1185 1105 1222 recensitus,
1129 1185 1167 1215 ad
1183 1185 1302 1224 equites
1318 1196 1352 1215 se
1366 1185 1495 1215 contulit
1511 1190 1618 1224 sponte

169 1244 234 1263 sua.
269 1234 416 1271 Arguitur
430 1231 618 1272 λειποταξίου.
656 1231 755 1261 Multa
772 1231 809 1260 de
825 1231 954 1269 legibus,
968 1230 1057 1269 plura
1072 1230 1110 1259 de
1122 1228 1251 1258 hominis
1268 1229 1342 1264 vita,
1359 1239 1470 1268 genere
1483 1234 1514 1258 et
1529 1229 1619 1258 insti-

169 1276 244 1305 tutis
259 1277 416 1314 congessit
427 1277 549 1305 Orator.

212 1334 425 1374 Δευτεςολογίαν
447 1338 555 1363 vocant
578 1334 747 1364 Rhetorum
768 1332 834 1362 filii.
880 1332 1121 1370 Subscriptionem
1142 1330 1271 1360 Romani
1293 1330 1517 1369 jurisconsulti.
1534 1330 1617 1370 (vid.

168 1377 277 1407 Budaei
292 1383 426 1407 annotat.
440 1377 589 1416 posterior
604 1377 632 1406 in
649 1375 807 1415 pandect.)
850 1375 907 1404 Est
923 1374 1000 1404 euim
1017 1372 1216 1414 ἐπαγωνισμός
1231 1375 1281 1403 τοῦ
1297 1371 1444 1412 προτέρου.
1490 1373 1617 1403 Praeivit

166 1420 414 1450 Archestratides
440 1421 573 1459 quidam.
618 1418 869 1457 Vid.Aphthonii
884 1428 939 1458 σχ.
956 1428 1026 1456 pag.
1045 1421 1095 1448 12.
1117 1418 1171 1456 qui
1187 1418 1225 1446 de
1242 1418 1289 1446 liis
1312 1417 1374 1455 agit
1397 1416 1563 1453 subtiliter,
1586 1421 1616 1446 et
1656 1431 1735 1470 pag·

166 1464 314 1502 Hermog.
333 1464 393 1503 mg}
408 1463 524 1503 μεθόδου
540 1462 700 1498 δεινότητος,
716 1461 778 1502 περὶ
794 1461 1009 1503 δευτερολογιῶν.
1686 1475 1723 1504 ed

0 1519 147 1601 ῗέὃθῐῗξιὲ
165 1547 223 1600 α’.
265 1558 563 1600 ΗΓΟΥΜΑΙ
599 1545 694 1617 μὲν,
737 1545 771 1597 οἶ
803 1543 945 1619 ἄνδρες
983 1543 1221 1609 δικασταὶ,
1259 1542 1464 1615 ου’δεμιόιν
1502 1534 1617 1614 ὑμᾶς
1632 1517 1744 1599 glegk’

929 1619 941 1638 Χ

164 1623 316 1674 ποθεῖν
342 1621 533 1673 οἰκοῦσαι
561 1620 781 1688 πρόφασιν
811 1643 940 1687 παρα
971 1621 1055 1671 τῶν
1082 1619 1345 1690 ἕουλομένων
1372 1618 1615 1679 Ἀλκιβιά-

166 1694 235 1747 δου
275 1706 546 1769 κατηγορεῖν.
588 1695 779 1747 τοιοῦτον
819 1695 909 1769 ‘7023
954 1693 1144 1756 πολίτην
1191 1694 1346 1746 {ocu-reb
1385 1691 1434 1758 ἔξ
1472 1693 1616 1760 οἷρχῆς
1634 1713 1713 1748 516

165 1768 413 1844 παρέσχεν,
441 1770 547 1827 dig-rs
582 1767 660 1821 nal
697 1768 733 1820 εἷ
757 1768 821 1839 μή
855 1793 922 1827 τις
949 1766 1039 1837 ἷδῖᾳ
1072 1766 1350 1838 ἀδικούμενος
1375 1768 1449 1820 ὑπ’
1477 1767 1617 1819 αὐτοῦ

94 1862 144 1897 30
163 1844 180 1871 ¹
198 1845 440 1911 τυγχάνει,
471 1843 516 1896 ου’
545 1842 583 1896 ἓν
616 1843 750 1906 ἧττον
780 1841 988 1918 προσ-ἥκει
1024 1843 1074 1895 ἐκ
1104 1847 1189 1895 τῶν
1215 1841 1368 1894 ἄλλων
1394 1839 1616 1904 ἐπιτηδευ-

0 1433 70 1472 pag.

0 1476 41 1505 etl.

751 1958 760 1976 ¹
777 1958 914 1999 τυγχάνοι
932 1959 972 1989 R.
986 1959 1024 1988 A.

204 2043 290 2074 KAT'
313 2044 555 2084 AAKIB1AAOT]
588 2042 766 2073 Alcibiades
805 2047 870 2072 erat

158 2088 274 2125 junior,
289 2086 460 2117 Alcibiadis
477 2089 526 2116 τοῦ
549 2087 621 2116 πάνυ
638 2086 716 2115 filius
734 2097 771 2115 ex
790 2087 869 2124 Hip-

163 2135 269 2168 pareta
292 2130 461 2169 Hipponici
489 2131 561 2159 filia.
606 2130 697 2158 Hunc
721 2129 868 2167 Xenopb.

164 2173 332 2202 Memorab.
350 2173 370 2201 l.
387 2176 416 2202 1.
441 2171 694 2212 εὐπροσωπότατον
711 2171 760 2200 καὶ
776 2170 869 2210 &gani-

163 2225 252 2244 ‘rm-ov
261 2220 416 2244 memorat.
437 2216 534 2253 Quam
546 2215 637 2243 etiam
650 2215 712 2243 oris
725 2220 870 2244 venusta-

162 2262 222 2287 tem
240 2258 387 2296 praedicat
405 2262 508 2286 noster
528 2268 595 2286 cum
615 2257 817 2296 spurcissimae
831 2257 867 2286 li-

162 2301 277 2329 bidinis
294 2300 416 2329 infamia
430 2302 628 2339 conjunctam.
653 2300 782 2328 Causam
797 2300 868 2329 olim

162 2343 242 2372 dixit
264 2344 298 2372 de
324 2344 399 2381 bigis
420 2344 560 2381 paternis,
583 2353 649 2381 quae
672 2343 769 2371 oratio
792 2342 869 2372 inter

161 2391 273 2416 caetera
284 2387 336 2415 sal)
351 2387 484 2415 Isocrate
497 2386 628 2424 scriptas
641 2386 678 2414 ad
692 2395 745 2414 nos
757 2387 868 2424 πεξιῆλ-

161 2428 213 2459 Θεν.
259 2430 392 2463 Patrem,
407 2439 467 2468 quo
485 2428 561 2458 nihil
572 2427 671 2468 fuisse
684 2428 868 2458 excellentius

160 2473 205 2502 vel
220 2473 252 2502 in
266 2473 344 2502 vitiis
359 2472 403 2502 vel
419 2474 449 2501 in
466 2472 624 2501 virtutibus
644 2476 788 2500 memorat
805 2471 866 2500 Ne-

160 2515 259 2554 posin
273 2515 345 2550 vita,
356 2515 386 2544 in
398 2514 459 2544 illis
471 2514 662 2544 solummodo
676 2514 866 2552 expressisse

163 2558 285 2588 videtur
300 2564 332 2587 ut
345 2559 384 2588 de
400 2569 436 2587 eo
449 2562 578 2587 testatur
588 2557 771 2586 Aristoteles
788 2557 865 2586 Rhe-

161 2601 250 2630 toric.
265 2602 308 2631 ΙΙ.
324 2603 376 2631 17.
392 2606 423 2630 et
435 2600 612 2639 Archippus
628 2600 769 2629 Comicus
784 2600 864 2639 apud

162 2644 319 2673 Plutarch.
333 2645 362 2673 in
377 2643 438 2673 Vit.
451 2642 619 2673 Alcibiadis
631 2644 720 2681 juxta
732 2642 864 2674 initium.

162 2687 292 2715 Videtur
303 2687 397 2716 fuisse
407 2686 436 2715 in
447 2687 544 2716 lucem
557 2694 729 2724 susceptus,
743 2686 864 2716 ineunte

163 2729 288 2767 Olymp.
306 2731 357 2759 91.
375 2729 431 2759 sub
446 2729 476 2758 id
492 2729 638 2768 temporis
655 2729 722 2758 scil.
737 2740 797 2768 quo
813 2740 866 2768 pa-

161 2775 209 2800 ter
223 2771 340 2802 militiae
360 2772 389 2802 in
405 2772 539 2801 Siciliam
559 2772 774 2802 transferendae
788 2772 865 2801 fata-

160 2813 220 2842 lem
245 2823 366 2852 operam
388 2814 542 2853 praestitit.
589 2816 664 2844 Haec
684 2815 864 2854 habui,quae

905 2043 1129 2082 Harpocration
1143 2043 1171 2072 in
1187 2043 1223 2072 V.
1242 2044 1330 2073 Λευκὴ
1346 2042 1433 2073 ἀκτή.
1448 2048 1479 2072 at
1495 2042 1525 2071 in
1540 2052 1617 2072 voce

906 2084 1086 2121 Ἀλκιβιάδης
1113 2085 1245 2120 dubitat,
1275 2086 1297 2115 εἷ
1323 2086 1440 2123 γνήσιος.
1496 2086 1617 2115 Citatur

904 2139 1024 2167 quoque
1043 2129 1151 2168 Lysias
1169 2127 1242 2168 ωξός
1259 2127 1437 2159 Ἀλκιζιίιδην
1452 2129 1481 2158 in
1497 2129 1535 2157 V.
1552 2140 1614 2158 ναυ-

903 2171 1025 2201 τοδίκαιῑ
1053 2183 1120 2211 quae
1139 2182 1199 2201 vox
1215 2182 1282 2201 cum
1306 2182 1363 2200 non
1382 2177 1481 2201 exstet
1505 2172 1533 2200 in
1557 2171 1614 2201 hao

904 2215 1061 2248 Oratione,
1075 2215 1217 2244 Valesius
1230 2225 1284 2253 pro
1296 2213 1478 2246 Ἀλκιβιάδην
1488 2214 1614 2252 conjicit

902 2255 1094 2298 Ἀςχεζιάδην,
1113 2258 1183 2296 quia
1202 2267 1219 2286 a
1237 2258 1328 2286 Dion.
1346 2257 1613 2287 Halicarnassensi

903 2299 931 2329 in
947 2302 1024 2329 lsaeo
1041 2301 1181 2330 laudatur
1196 2300 1299 2339 Lysia:
1313 2300 1418 2328 Oratio
1436 2305 1540 2329 contra
1553 2300 1613 2329 Ar-

902 2343 1092 2372 eliebiadem.
1137 2344 1197 2371 Sed
1216 2342 1287 2371 nihil
1307 2342 1377 2371 inde
1391 2347 1537 2372 mutatum
1550 2343 1611 2372 vel-

901 2385 972 2415 lem.
986 2386 1109 2425 scripsit
1121 2386 1199 2415 euim
1213 2385 1300 2414 aliam
1312 2386 1485 2415 Orationem
1497 2387 1612 2415 Noster

902 2428 968 2467 πςός
986 2427 1179 2464 Ἀλκιβιάδην,
1199 2428 1259 2467 περὶ
1283 2426 1380 2463 οἰκίας,
1404 2429 1439 2457 de
1457 2429 1557 2457 domo:
1580 2429 1610 2458 iu

902 2481 961 2509 qna
977 2472 1034 2501 hoc
1047 2482 1121 2501 voce
1138 2469 1303 2501 Ναυτοδίκαι
1319 2473 1394 2501 bene
1411 2470 1452 2500 uti
1465 2471 1611 2509 potuerit.

901 2514 981 2543 Vide
1000 2515 1182 2553 Harpocrat.
1202 2515 1237 2543 V.
1253 2513 1498 2554 Παξακοιταβολῆ.
1534 2515 1610 2543 Por-

900 2566 951 2586 ro:
970 2557 1048 2587 inter
1061 2558 1232 2587 Isocrateas
1246 2562 1346 2586 exstat
1361 2557 1468 2586 Oratio
1484 2557 1543 2596 περὶ
1559 2557 1610 2586 τοῦ

902 2599 1030 2638 Ζεύγους,
1044 2601 1078 2629 cle
1089 2600 1184 2640 Bigis,
1196 2600 1226 2629 in
1240 2610 1297 2639 qua
1308 2600 1489 2630 Alcibiades
1499 2599 1609 2629 Junior

901 2643 971 2672 huic
988 2643 1130 2685 Lysianae
1154 2644 1329 2682 respondet,
1348 2643 1378 2672 in
1394 2641 1496 2671 multis
1513 2643 1608 2681 (prae-

900 2687 1001 2715 sertim
1026 2686 1053 2715 in
1076 2686 1127 2721 iis,
1147 2697 1214 2725 quae
1236 2687 1273 2715 ad
1292 2686 1414 2715 Patrem
1436 2695 1519 2714 suum
1537 2694 1607 2722 spe·

900 2730 998 2767 etant)
1011 2729 1087 2759 adeo
1103 2729 1273 2764 evidenter,
1290 2733 1322 2757 ut
1339 2728 1415 2767 ipsis
1431 2728 1519 2756 etiam
1540 2737 1606 2755 ver-

900 2772 946 2800 bis
963 2772 1064 2811 Lysiae
1081 2782 1122 2801 ex
1141 2773 1195 2801 hac
1212 2772 1356 2801 Oratione
1378 2774 1488 2803 utatur,
1509 2773 1542 2798 ut
1557 2778 1605 2798 re-

899 2814 993 2844 fellat.
1041 2816 1088 2844 De
1104 2825 1261 2855 perperam
1278 2814 1357 2842 sacta
1374 2812 1534 2841 Divisione
1550 2811 1605 2841 hu·

161 2856 201 2885 de
217 2856 335 2886 homine
350 2856 380 2885 in
393 2858 524 2887 medium
537 2858 715 2897 proferrem.
759 2858 864 2894 Plura,
894 2858 945 2895 jus
963 2857 1119 2887 Orationis
1142 2857 1171 2886 in
1198 2859 1282 2886 Duas
1300 2855 1446 2884 Actiones
1462 2860 1604 2883 Λειποτα-

162 2898 314 2937 exceptiS,
330 2909 397 2938 quae
412 2900 443 2929 in
460 2905 534 2929 orat.
554 2900 651 2939 Lysiae
672 2905 703 2930 et
719 2901 864 2930 Isocratis
899 2899 956 2938 ξίου
973 2906 1004 2930 et
1018 2899 1216 2940 Ἀστρατείας,
1239 2908 1306 2928 cum
1326 2898 1391 2927 Una
1415 2901 1529 2927 tantum
1553 2897 1590 2926 sit

160 2941 364 2980 reperiuntur,
382 2941 444 2971 dici
466 2943 566 2972 vetuit
586 2943 733 2982 temporis
753 2943 863 2982 ἀδηφα-

159 2983 220 3020 γία.
242 2985 290 3015 ΤΑ
299 2993 397 3014 ηοιι.
443 2985 545 3022 Hujus
557 2985 712 3016 Orationis
727 2987 864 3016 meminit

898 2943 998 2972 dicam
1015 2944 1051 2972 ad
1071 2945 1156 2973 Orat.
1183 2942 1259 2971 XV.
1283 2941 1500 2971 MARKLAND.
1554 2919 1605 2971 Cf:

899 2986 1060 3016 Demosth.
1078 2986 1139 3016 vol.
1155 2984 1199 3014 iii.
1216 2995 1248 3024 p.
1267 2985 1318 3013 94.
1335 2993 1401 3021 sqq.
