1839 3229
237 196 293 236 56
772 189 960 232 LYSIAE
991 188 1146 231 VITA.

237 298 391 338 bantur.
448 297 703 336 Paucissimas
720 296 801 347 ipse
823 297 861 334 in
881 294 1069 335 concione
1090 301 1157 334 aut
1176 295 1214 333 in
1234 294 1340 333 curia
1356 292 1475 332 dixit:
1497 299 1574 337 τοῖς
1593 293 1688 331 1316,-

239 378 321 404 ταις
340 366 415 404 τοῖς
434 363 592 403 πολλοῖς
608 358 743 401 ἐκδούς.
787 358 986 396 Plutarch.
1007 358 1046 396 in
1068 358 1170 405 Vita,
1194 357 1261 395 ubi
1280 355 1499 406 legendum,
1518 360 1561 393 ut
1579 354 1685 392 Pho-

239 424 315 460 tius
331 422 446 460 habet
476 422 582 464 τοὺς
611 420 820 462 πλείους.
854 419 1114 458 Memorabile
1133 419 1182 457 de
1203 431 1248 456 ea
1268 431 1309 456 re
1327 416 1460 455 retulit
1478 416 1581 456 idem
1597 416 1687 454 Plu-

239 483 395 522 tarchus
433 484 481 521 de
516 482 757 520 Garrulitate
798 481 845 529 (Si
875 481 975 519 idem
1005 481 1088 531 Sit):
1129 480 1281 524 Λυσίας
1313 481 1386 518 τινὶ
1421 478 1524 526 δίκην
1559 479 1688 530 ἔχοντι

239 548 358 595 λόγον
374 546 601 596 συγγράψας
616 544 757 582 ἔδωκεν·
780 544 799 580 ὁ
819 543 854 581 δὲ
874 544 1054 587 πολλάκις
1069 542 1258 592 ἀναγνοὺς
1275 542 1336 589 ἧκε
1347 541 1439 592 πρὸς
1454 540 1518 578 τὸν
1533 539 1688 578 Λυσίαν

239 610 391 659 ἀθυμῶν
417 610 476 644 καὶ
503 608 640 655 λέγων,
661 605 701 643 τὸ
729 604 797 656 μὲν
815 612 962 656 πρῶτον
981 608 1077 658 αὐτῷ
1103 605 1268 652 διεξιόντι
1287 602 1508 656 θαυμαστὸν
1526 610 1689 654 φανῆναι

240 670 304 709 τὸν
322 670 454 718 λόγον,
476 666 581 711 αὖθις
602 667 638 705 δὲ
658 669 716 704 καὶ
742 670 866 718 τρίτον
890 666 1204 719 ἀναλαμβάνοντι
1233 668 1429 709 παντελῶς
1457 662 1614 716 ἀμβλὺν
1632 664 1692 702 καὶ

238 734 439 781 ἄπρακτον.
493 729 541 767 ‘O
562 729 598 767 δὲ
618 728 769 772 Λυσίας
789 730 970 778 γελάσας,
996 730 1043 767 Τι’
1065 728 1145 774 οὖν,
1173 727 1289 779 εἶπεν,
1316 729 1388 779 οὐχ
1415 728 1514 772 ἅπαξ
1540 726 1689 777 μέλλεις

241 797 368 842 λέγειν
389 794 503 830 αὑτὸν
522 792 579 828 ἐπὶ
599 797 671 829 τῶν
692 790 893 835 discam-51¹3

295 854 475 892 Scholam
505 865 663 903 quoque
695 853 846 904 aperuit
875 859 912 890 et
934 851 1179 890 Rhetoricam
1199 851 1350 896 docuit,
1372 850 1402 888 si
1422 847 1633 887 Plutarcho
1651 852 1692 885 et

242 915 419 954 Ciceroni
454 914 589 952 fides*
646 913 786 965 Neque
822 912 958 952 docuit
990 912 1251 963 solummodo,
1281 924 1412 950 verum
1445 916 1485 948 et
1517 908 1604 958 ejus
1636 908 1692 947 rei

241 978 484 1028 disciplinam
505 977 624 1015 literis
640 977 854 1022 mandavit,
872 975 1053 1026 quoniam
1074 978 1212 1027 τέχνας
1231 973 1315 1023 ejus
1333 974 1523 1024 ῥητορικὰς
1542 970 1693 1010 laudari

241 1041 291 1078 ab
309 1039 605 1089 Antiquioribus
626 1039 755 1083 video,
779 1038 1001 1083 Plutarcho,
1021 1036 1153 1083 Suida,
1173 1042 1248 1074 etc.

294 1101 505 1151 Imaginem
515 1100 599 1150 ejus
610 1099 713 1150 apud
726 1099 900 1136 Fulvium
911 1098 1093 1137 Ursinum
1105 1097 1142 1134 in
1153 1107 1341 1134 marmore
1351 1095 1381 1132 si
1390 1094 1693 1141 consideremus,

241 1163 392 1202 videtur
411 1161 530 1199 fuisse
552 1173 680 1205 senex,
706 1160 781 1197 oris
801 1158 1003 1207 majestate
1026 1158 1151 1203 simul,
1173 1163 1215 1195 ut
1234 1156 1331 1195 virili
1361 1155 1528 1207 quadam
1548 1155 1694 1205 pulcri-

241 1225 387 1270 tudine,
408 1222 665 1262 venerandus.
698 1220 920 1259 Dimanavit
938 1232 1095 1270 quoque
1112 1218 1161 1257 ad
1183 1225 1361 1269 posteros
1381 1216 1566 1255 nonnulla
1584 1216 1694 1254 istius

244 1287 297 1325 rei
319 1285 514 1331 memoria,
535 1297 625 1323 cum
641 1288 883 1321 venustatem
900 1282 1041 1329 vultus,
1062 1287 1129 1319 aut
1149 1280 1281 1318 saltem
1301 1278 1417 1317 fidem
1437 1278 1555 1329 vulgo
1579 1278 1629 1316 de
1648 1291 1695 1317 ea

243 1355 440 1399 receptam
462 1347 564 1385 haud
586 1347 751 1384 obscure
774 1345 909 1382 innuat
929 1343 1120 1382 Aristides
1142 1343 1264 1381 Serm.
1287 1343 1393 1380 Sacr.
1413 1345 1451 1378 4.
1469 1340 1527 1377 his
1543 1339 1693 1378 verbis:

241 1411 380 1464 Σχεδὸν
400 1410 439 1448 δὲ
459 1411 517 1447 καὶ
537 1416 610 1447 τῶν
629 1409 758 1445 ἄλλων
777 1410 950 1444 παλαιῶν
965 1406 1052 1449 τοὺς
1067 1404 1321 1451 ἐνδοξοτάτους
1337 1404 1397 1441 ἐπὶ
1414 1403 1547 1450 λόγοις
1563 1402 1696 1452 ὑπῆρξέ

242 1490 306 1525 μοι
325 1471 554 1518 θεάσασθαι,
576 1471 711 1522 ὁμοίως
730 1471 954 1517 λογοποιούς
972 1482 1010 1506 τε
1030 1469 1090 1504 καὶ
1107 1467 1280 1513 ποιητάς.
1337 1463 1393 1502 Τὸ
1413 1463 1450 1502 δὲ
1464 1468 1526 1501 τοῦ
1547 1463 1696 1502 Λυσίου

244 1537 303 1573 καὶ
322 1534 524 1583 διηγήσεως
545 1533 659 1580 ἄξιον.
680 1531 840 1583 ἔκαμνον
860 1535 935 1581 γάρ
959 1533 1105 1582 τριταίῳ
1125 1530 1187 1581 οἵῳ
1207 1527 1417 1579 βαρυτάτῳ,
1444 1527 1504 1563 καὶ
1524 1527 1594 1577 ὁρῶ
1613 1524 1696 1563 Λυ-

243 1599 331 1634 σίαν
347 1596 411 1634 τὸν
430 1595 581 1646 ῥήτορα,
600 1597 791 1633 νεανίσκον
809 1594 882 1643 οὐχ
900 1592 1055 1643 ἄχαριν.
1071 1592 1175 1646 ἐπῄει
1193 1590 1229 1629 δὲ
1247 1594 1270 1637 ἡ
1290 1599 1356 1636 τῆς
1375 1587 1592 1638 καταβολῆς
1609 1590 1697 1641 ἠμέ-

241 1675 302 1710 ρα,
324 1660 383 1695 καὶ
404 1659 423 1695 ὁ
441 1657 596 1709 πυρετὸς
617 1658 680 1694 οὒκ
699 1657 909 1704 ἐπεγένετο,
931 1656 1018 1692 ἀλλ’
1032 1653 1148 1701 ἐλύθη
1168 1654 1209 1692 τὸ
1230 1656 1372 1705 νόσημα
1392 1653 1431 1691 ἓν
1450 1656 1577 1705 τούτῳ.

297 1720 519 1758 Memoraut
546 1718 791 1758 Athenaeus†
814 1722 855 1755 et
879 1717 1146 1762 Plutarchum
1172 1715 1224 1754 ad
1252 1727 1417 1766 eamque
1446 1727 1527 1753 rem
1555 1713 1698 1753 confir-

242 1781 421 1819 mandam
449 1779 672 1818 testimonio
702 1779 977 1817 Demosthenis
1008 1792 1043 1817 c.
1071 1779 1249 1816 Neaeram
1282 1783 1454 1824 utuntur,
1483 1779 1697 1831 Auctor-ega

243 1849 415 1881 nostrum
434 1854 523 1880 cum
545 1840 739 1878 Metanira
760 1853 982 1886 consuesse,
1003 1845 1139 1890 postea
1158 1845 1304 1884 autem,
1323 1838 1458 1877 relicta
1489 1851 1609 1876 uxore
1634 1838 1699 1876 illa

244 1904 430 1949 usuraria,
452 1903 612 1941 domum
633 1902 791 1940 duxisse
818 1901 1013 1953 Brachylli
1033 1901 1161 1940 fratris
1182 1899 1311 1938 filiam.
1367 1900 1509 1950 Neque
1528 1900 1698 1938 Metani-

243 1979 321 2004 ram
342 1966 466 2004 solum
487 1964 635 2009 habuit,
658 1977 790 2001 verum
809 1970 849 2002 et
869 1963 1051 2015 Lagidem
1071 1975 1244 2014 quoque,
1266 1962 1298 2000 si
1323 1960 1421 2000 fides
1449 1961 1630 2000 habenda
1650 1961 1702 2000 sit

243 2028 370 2066 eidem
387 2027 595 2071 Atllenaeo,
613 2025 708 2063 ibid.
741 2025 900 2072 ’Ί-Ιττητο
921 2025 960 2062 δὲ
979 2026 1039 2062 καὶ
1055 2027 1073 2061 ὁ
1089 2024 1243 2067 Λυσίας
1258 2022 1432 2073 Λαγίδος
1451 2031 1516 2069 τῆς
1534 2023 1698 2074 ἑταίρας,

242 2089 286 2136 ἧς
307 2087 475 2139 ἔγραψεν
494 2088 678 2138 ἐγκώμιον
697 2086 875 2138 Κέφαλος
895 2087 913 2124 ὁ
932 2087 1063 2137 ῥήτωρ.
1120 2084 1238 2129 Quod
1266 2084 1316 2122 ad
1345 2083 1577 2122 Metaniram
1609 2083 1699 2122 atti-

244 2157 324 2197 net,
342 2149 552 2200 fratrisque
568 2148 685 2186 filiam
701 2148 860 2186 domum
877 2160 947 2198 pro
965 2159 1084 2186 uxore
1102 2147 1275 2196 ductam,
1293 2147 1347 2184 ita
1366 2146 1505 2197 accipe
1525 2159 1572 2184 ex
1592 2145 1700 2184 dicta

244 2211 416 2250 oratioue
438 2210 729 2255 Demosthenis,
753 2210 817 2248 ubi
837 2209 938 2247 inter
957 2214 1087 2248 cetera
1106 2209 1302 2247 elucescet
1329 2208 1427 2246 mala
1452 2207 1531 2246 fide
1551 2206 1700 2246 descri-

244 2280 352 2324 ptam
381 2273 500 2311 fuisse
531 2286 553 2311 a
583 2271 806 2310 Plutarcho.
864 2271 1009 2309 Verum
1040 2271 1115 2309 hoc
1145 2271 1414 2310 leviusculum.
1472 2269 1700 2309 “Nicareta

243 2335 428 2382 Charisii§
442 2335 524 2372 Elei
540 2334 680 2372 liberta
694 2333 785 2371 Vll.
801 2332 905 2371 domi
924 2333 1076 2384 puellas
1093 2333 1244 2380 habuit,
1261 2332 1535 2379 meretriculas,
1551 2338 1591 2370 et
1609 2343 1700 2383 pro-

242 2396 418 2443 stibulas,
435 2395 537 2435 unde
551 2397 699 2434 victum
717 2394 973 2445 quaeritabat:
996 2394 1167 2442 Antiam,
1186 2395 1410 2440 Stratolam,
1428 2392 1699 2441 Aristocleam,

243 2458 488 2504 Metaniram,
508 2457 669 2503 Philam,
685 2455 902 2495 Isthmiada
922 2462 961 2494 et
981 2456 1176 2496 Neaeram.
1208 2457 1355 2508 Lysias,
1376 2456 1442 2506 qui
1463 2455 1699 2494 Metaniram

242 2518 462 2569 deperibat,
496 2523 615 2564 ratus,
646 2518 938 2565 beneficiorum,
961 2530 1051 2568 quae
1080 2519 1119 2556 in
1149 2519 1311 2557 amicam
1340 2517 1516 2556 conferre
1534 2517 1701 2564 solebat,

241 2580 408 2632 plurima
427 2593 449 2617 a
468 2579 624 2617 domina
650 2592 734 2618 esse
764 2579 997 2630 intercepta,
1017 2579 1195 2630 adeoque
1214 2584 1374 2631 *gratum
1394 2578 1451 2616 illi
1472 2577 1622 2629 aliquid
1641 2576 1700 2616 fa-

241 2655 329 2681 cere
348 2641 522 2692 cupiens,
543 2647 582 2679 et
602 2640 708 2691 quod
731 2641 860 2679 vetula
890 2641 1141 2680 intervertere
1166 2641 1365 2692 nequibat,
1392 2640 1542 2679 initiare
1561 2639 1699 2678 voluit.

241 2703 462 2742 Nicaretam
484 2701 600 2752 igitur
618 2701 755 2750 oravit,
776 2707 819 2740 ut
840 2702 1070 2740 Metaniram
1091 2716 1224 2741 secum
1246 2702 1420 2740 Athenas
1439 2701 1488 2740 ad
1510 2699 1701 2752 Mysteria

285 2791 304 2809 θ’
319 2789 539 2831 Παραγενόμενος
558 2789 597 2823 εἰς
612 2787 736 2822 Ἀθήνας
752 2780 882 2830 [I'saeus]
906 2787 955 2818 καὶ
991 2789 1067 2825 nior,
1080 2788 1233 2818 orationes
1250 2798 1317 2818 eum
1332 2788 1467 2818 scribere
1479 2786 1547 2817 aliis
1561 2785 1704 2826 ooepisse,

241 2834 395 2876 σχολάσας
408 2831 509 2873 Λυσίᾳ.
537 2832 693 2862 Plutarch.
706 2832 736 2861 in
749 2833 839 2861 lsaeo.
865 2832 957 2870 “Ly-
996 2835 1090 2861 artem
1106 2830 1310 2861 removisse.”
1353 2830 1421 2860 Cic.
1439 2830 1525 2861 Brut.
1542 2831 1596 2860 48.

241 2878 315 2907 siam
341 2877 440 2916 primo
462 2874 598 2916 profiteri
620 2876 743 2906 solitum
771 2879 866 2904 artem
885 2884 955 2905 esse
1035 2876 1049 2905 l
1064 2874 1084 2903 l.
1098 2876 1151 2904 13.

241 2919 380 2949 dicendi:
406 2919 528 2955 deinde,
541 2918 623 2958 quod
637 2917 816 2948 Theodorus
833 2922 915 2947 esset
924 2917 955 2946 in
1035 2919 1049 2952 ss
1067 2917 1103 2945 In
1117 2916 1191 2945 Vita
1206 2915 1322 2954 Lysiae.

243 2967 306 2992 arte
323 2963 476 2998 subtilior,
499 2962 529 2991 in
552 2961 741 2992 orationibus
759 2964 857 2991 autem
870 2961 950 2999 jeju·
1032 2960 1048 2999 ᾗ
1062 2957 1193 2999 Χαρισίου
1210 2958 1373 2989 Demosth.
1391 2956 1496 2988 Κασίου
1512 2957 1620 2988 Athen.
