1901 3244
596 190 1238 238 ΑΠΟΣΠΑΣΜΑΤῙΑ.
1541 180 1653 241 67ι

186 306 377 352 oonsilio
397 304 567 357 valuit,1
595 305 769 347 fortuna
790 304 940 360 lapsus
964 309 1056 347 est:
1087 303 1218 346 homo
1235 304 1336 353 fuit,
1360 304 1534 353 fatetur,
1556 318 1660 345 con·

190 365 436 409 cedendum
471 378 559 406 non
594 362 739 405 omnia
771 376 934 418 posse3
972 362 1057 404 hoo
1089 360 1203 404 enim
1237 362 1429 404 Deorum
1461 368 1530 404 est
1560 376 1662 418 pro-

190 424 350 481 prium.
906 464 908 467 ,

253 478 516 536 Sysceuasisss
545 476 848 534 Quapropter-‘³
883 491 1081 534 pergam:
1114 476 1159 518 in
1190 476 1353 520 multos
1384 475 1662 532 largitionem

193 536 470 582 abstinentiae
498 534 799 577 testimonium
821 549 909 576 non
931 534 1194 577 credideris:
1227 535 1367 576 multo
1393 535 1508 575 enim
1527 534 1663 575 eonfi-

196 595 372 638 dentius
393 595 478 635 hoo
498 608 636 649 genus
658 592 882 634 hominum
904 592 1085 634 furatur.
1148 593 1260 635 Nam
1284 606 1371 648 quo
1399 591 1540 647 magis
1564 596 1666 646 eget

196 654 252 695 ad
274 656 495 707 sumptum
515 650 782 699 ambitionis,
802 650 1013 693 audacius
1037 650 1144 692 facit
1164 650 1373 707 rapinam,
1387 655 1438 691 ut
1457 647 1560 690 huie
1581 647 1665 703 ipsi

195 708 424 753 ambitioni
445 708 575 764 copia
596 708 863 765 suppeditari
888 709 1044 763 possit.

255 766 431 822 Aporia.
464 765 558 808 Nec
588 767 681 821 jam
716 765 927 807 rationem
963 765 1225 813 invenimus,
1263 778 1351 821 qua
1384 761 1503 805 flecti
1536 776 1670 819 posse

198 838 421 880 speremus
439 840 448 865 :
480 823 543 865 ita
563 839 641 865 nos
656 824 860 865 omnibus
876 823 1013 865 modis
1030 829 1224 866 tentatos
1242 822 1397 865 acerba
1412 835 1465 863 ac
1485 819 1671 862 nimium

198 887 276 924 tua
294 881 483 923 facultas
505 881 692 938 adfligit.

245 979 255 999 ¹
271 979 365 1010 voluit
382 979 479 1010 Rhen.
503 979 609 1010 Minus
627 983 720 1010 recte.
743 979 851 1010 IDEM.
950 984 1070 1018 propter
1082 978 1229 1018 gratiam.
1254 976 1365 1011 Barth.
1382 977 1552 1009 Adversar.
1578 973 1674 1006 XVI.

244 1021 259 1040 ²
274 1023 455 1062 Syuaeciosis.
477 1022 903 1057 zvvometwmq.Rhen.lnm1;
956 1024 1009 1054 12.
1032 1023 1138 1053 IDEM.

246 1064 259 1083 ³
276 1065 462 1106 Quapropter
479 1076 534 1107 per
546 1067 680 1108 gratiam
694 1067 728 1097 in
741 1066 858 1103 multos,
873 1065 922 1096 vel

525 1486 859 1550 ADDENDA
896 1487 1355 1538 FRAGMENTIS.

286 1724 528 1770 ΛΤΣῙΑΣ
549 1714 589 1768 ἓν
611 1716 677 1783 τῷ
695 1713 802 1791 ὑπὲρ
825 1715 1086 1793 Σωκράτους
1104 1714 1214 1791 πρός
1233 1713 1524 1794 Πολυκράτην
1542 1715 1677 1786 λόγῳ.
1697 1732 1749 1767 42

214 1791 284 1834 Ita
312 1791 461 1833 Schol.
492 1790 537 1832 in
566 1789 941 1832 Panathenaieum
969 1789 1203 1832 Aristidis1
1231 1790 1383 1832 laudat
1412 1791 1681 1842 Orationem,

211 1872 311 1915 quae
332 1857 504 1899 videtur
526 1871 622 1899 esse
653 1846 917 1924 Σωκράτους
940 1847 1207 1916 οἷπολογία,
1229 1856 1283 1898 de
1310 1870 1398 1912 qua
1423 1858 1637 1900 nonnulla
1657 1873 1684 1900 a

209 1945 279 1973 me
293 1932 386 1987 jam
417 1931 536 1972 dicta
560 1937 683 1972 sunt:
718 1930 794 1972 Eis
822 1931 934 1973 adde
958 1931 1078 1973 istud
1112 1929 1277 1973 Stobaei
1307 1929 1444 1972 Serm.
1466 1932 1506 1973 7.
1586 1932 1685 1976 Σω-

210 1997 400 2073 κράτους
425 1996 662 2065 φεύγοντος
683 1997 764 2060 τὴν
788 1995 907 2061 δίκην
925 1997 1101 2058 Λυσίας
1118 1997 1258 2065 λόγον
1279 1997 1383 2050 τινοὶ
1401 1996 1686 2066 συγγράψας

208 2071 351 2133 ἦλθεν
377 2072 500 2139 αὕτῷ
525 2070 737 2144 κομίζων,
759 2070 839 2126 καὶ
861 2073 1031 2127 ἐκέλευε
1059 2073 1356 2149 χρήσασθαι·
1400 2075 1499 2126 Τοῦ
1523 2071 1568 2125 δὲ
1594 2084 1686 2125 Λυ-

212 2145 313 2197 σίου
339 2144 549 2205 εἶσι-ὄντος,
570 2147 664 2198 Καὶ
689 2145 775 2216 μὴν
800 2146 1054 2201 κάλλιστον
1080 2147 1215 2201 αὔτόν
1236 2145 1366 2213 εἶναι,
1393 2146 1473 2201 καὶ
1498 2146 1563 2201 τοὶ
1583 2145 1687 2223 ῥόδα

218 2217 341 2289 (ἔφη)
365 2219 605 2272 κάλλιστά
621 2220 762 2284 ἔστιν,
780 2221 892 2274 α’λλ’
908 2222 955 2274 οὗ
974 2224 1156 2300 πρέπειν
1175 2221 1300 2291 adn}
1315 2222 1370 2275 τὸ
1384 2223 1684 2293 στεφάνωμα.

216 2292 428 2366 Τεθνήξῃ
454 2294 593 2348 τοίνυν
620 2292 722 2363 (ἔφη
749 2296 770 2348 ὅ
797 2297 1013 2368 Λυσίας),
1037 2296 1075 2349 εἶ
1097 2297 1164 2369 μῆ
1190 2295 1328 2357 οὕτως
1345 2297 1633 2369 α’πολογήσῃ·
1662 2297 1686 2350 ὅ

216 2366 278 2432 δὲ,
307 2367 363 2421 EI
389 2370 481 2444 ’γάρ
509 2368 654 2440 (ἔφη),
683 2368 760 2423 καὶ
779 2371 846 2442 pm?
871 2372 937 2424 νῦν
964 2371 1147 2432 πάντως
1173 2370 1469 2443 τεθνήξομαι.

293 2444 469 2503 Λυσίας
487 2444 595 2497 κατ’
615 2445 879 2520 Ἀρίστωνος
903 2455 1104 2497 laudatur
1125 2456 1171 2497 in
1193 2455 1305 2497 Cod.
1326 2454 1426 2497 MS.
1445 2455 1686 2511 Harpocra-

216 2515 369 2567 tionis,
399 2516 615 2560 Biblioth.
649 2518 759 2575 Reg.
794 2520 922 2563 Cant.
954 2521 1029 2578 qui
1059 2521 1272 2564 nonnulla
1304 2527 1448 2563 servat
1481 2520 1527 2562 in
1555 2519 1684 2561 editis

216 2596 306 2625 non
325 2583 526 2639 legenda·
585 2574 654 2630 “O
683 2574 727 2630 δὲ
752 2578 877 2649 ἡμεῖς
906 2578 945 2631 ἓν
975 2581 1031 2650 τῇ
1056 2579 1271 2649 συνηθείᾳ
1294 2578 1496 2655 χέρνιβον
1520 2575 1682 2649 φαμὲν,

216 2646 422 2701 Ἀττικοὶ
455 2649 680 2726 χερνίβιον
708 2653 843 2715 φασί.
893 2654 1087 2715 Λυσίας·
1116 2662 1300 2732 χρυσοῖς
1331 2649 1570 2729 χερνιβίοις
1604 2649 1684 2704 καὶ

217 2721 537 2798 θυμιατηρίοις.
607 2732 811 2777 Eustath.
843 2736 900 2778 ad
935 2736 1097 2793 Odyss.
1127 2742 1179 2780 A.
1216 2737 1311 2779 135.
1370 2736 1534 2776 Locum
1564 2733 1684 2776 hunc

218 2794 372 2837 laudat
391 2798 632 2840 Athenaeus
662 2814 715 2841 ex
744 2800 885 2858 Lysiae
915 2803 1113 2845 oratione
1142 2807 1295 2845 contra
1320 2798 1610 2849 Alcibiadem,
1634 2805 1684 2840 ut

221 2866 352 2908 supra
370 2854 572 2897 vidimus.

266 2947 276 2966 ¹
301 2950 428 2981 Valesio
473 2954 511 2983 ad
550 2954 703 2994 Harpocr.
742 2956 934 2996 fideiussore.
970 2956 1041 2988 aliis
1065 2967 1141 2987 usus
1171 2960 1220 2986 est
1243 2955 1371 2987 scholiis
1400 2961 1515 2996 praeter
1536 2966 1584 2999 ea,
1613 2966 1682 2997 quae

222 2992 337 3024 Verum
354 2999 406 3025 aut
427 2994 541 3027 fallitur
556 2997 613 3028 Vir
628 3000 860 3039 celeberrimus,
883 3005 937 3031 aut
971 3001 1063 3031 hodie
1079 2999 1162 3031 edita
1177 3000 1335 3040 leguntur.
1356 2999 1518 3033 huon.
