1819 3219
181 171 237 210 xii
506 171 556 212 P.
580 171 630 213 P.
657 169 909 213 DOBREE

186 287 291 320 potest
316 282 440 323 Lysias.
470 282 568 324 (Vide
596 285 728 314 Por-son.
753 284 789 313 ad
813 284 901 315 Med.

188 328 263 356 1264.
289 327 328 356 de
348 328 443 366 γῆμαι
467 332 498 356 et
520 326 711 367 γήμασθαι.)
733 327 840 363 Verte,
865 327 902 367 by

186 369 312 409 parting
328 369 491 399 themselves
507 371 536 399 in
554 380 629 409 your
650 370 746 408 place,
764 370 825 399 and
846 380 902 408 pu-

189 411 310 452 nishing
327 413 374 442 the
391 415 432 444 30
447 423 478 442 us
493 410 525 453 {f
536 414 602 450 they
618 413 675 442 had
689 413 810 450 injured
827 412 904 442 them

190 455 252 484 and
272 460 321 484 not
342 466 410 495 you.
433 458 568 495 τιμωξεῖν
585 454 666 495 ὑπὲρ,
682 466 710 484 e.
726 455 852 493 Agorat.
871 465 904 493 p.

192 500 266 533 129,
291 501 344 527 40.
368 501 442 534 1:33,
460 501 512 528 28.
535 503 566 528 et
591 502 644 529 31.
668 500 743 532 134,
759 500 812 527 96.
832 500 904 532 138,

190 542 243 571 33.
270 546 301 570 et
321 543 373 571 35.
396 543 471 577 139,
496 544 526 573 5.
555 539 744 581 τιμωρεῖσθαι
766 539 845 581 ὑπὲρ,
873 550 904 579 p.

191 586 265 618 136,
282 586 336 614 40.

236 630 310 663 123,
329 629 381 656 27.
405 628 481 657 Cum
508 627 621 657 Reisk.
638 637 746 657 vocem
768 627 904 666 elapsam

192 670 344 709 suspicor.
360 671 420 705 An,
436 671 500 703 τοὺς
515 670 636 709 νεκςούςέ

237 715 310 748 123,
329 716 382 743 ⁰28.
408 713 517 743 ἰδιῶται
540 713 625 748 ὄντες.
651 712 849 752 Respicitur,
873 716 905 741 ut

191 755 311 793 opinor,
345 756 558 786 Eratosthenis
594 756 728 786 desertio
767 760 904 794 tempore

190 799 298 828 CCCC
313 797 462 835 virorum,
475 810 508 838 p.
526 802 597 835 124,
615 802 646 829 ὁ.

236 843 312 875 193,
327 844 379 872 37.
397 842 484 882 μηδὲν
507 843 711 880 ἀπολογοῦνται
736 840 904 878 Reiskius3

192 885 246 914 sed
270 889 333 914 tum
355 890 479 924 oportet
504 885 585 915 οὐδέν.
631 886 773 915 Notanda
799 884 905 923 impri-

191 928 251 957 mis
264 928 475 965 constructi05
499 929 524 958 si
539 929 585 958 vel
603 928 675 958 οὐδὲν
686 928 905 966 ἀπολογοῦνται,

192 971 240 1000 vel
258 970 394 1009 λέγοντας
405 990 445 993 -
456 971 614 1011 ἒξαπατξῐν
625 990 667 994 —
681 971 905 1005 ἀποδεικνύντας,

192 1013 295 1043 omnia
333 1014 400 1043 sine
441 1014 608 1044 offensione
646 1020 761 1050 essent,
808 1024 905 1052 neque

193 1056 302 1086 Reikii
320 1057 546 1096 supplementis
566 1062 650 1087 esset
668 1068 758 1097 opus.
805 1057 906 1086 Multa

192 1099 233 1129 de
257 1100 313 1129 hac
333 1111 365 1129 re
390 1101 463 1130 alibi
490 1101 621 1139 scripsi:
648 1101 840 1130 commodum
858 1110 905 1128 re-

193 1143 306 1172 cordor
332 1143 392 1172 loci
426 1145 586 1173 Demosth.
615 1155 647 1182 p.
673 1145 747 1179 176,
772 1146 822 1174 ⁶21.
855 1143 905 1172 ed.

193 1185 307 1216 Reisk.
346 1186 397 1225 qui
436 1187 537 1216 omnia
580 1186 750 1216 foedissime
793 1186 906 1215 turbat.

193 1227 311 1267 [Recte
329 1228 467 1267 explicat
488 1230 618 1259 Dionem
644 1230 803 1268 Chryses-t.
822 1230 907 1257 Orat.

193 1271 252 1300 VI.
269 1282 300 1310 p.
316 1274 391 1302 201.
408 1283 435 1301 n.
449 1272 518 1312 QL]
536 1273 679 1302 Ceterum
694 1273 788 1302 miror
801 1271 908 1300 Mark-

192 1314 317 1343 landum
336 1315 448 1344 offendi
467 1316 560 1345 verbo
580 1314 741 1355 ἔξαπατᾷν,
763 1315 843 1353 quod
862 1318 908 1343 est

193 1357 326 1386 omnium
354 1358 483 1387 maxime
510 1360 685 1397 proprium:
720 1359 792 1387 vide
818 1358 908 1386 modo

193 1401 284 1430 Dein.
301 1401 336 1430 F.
357 1401 433 1439 Leg.
449 1412 480 1439 p.
495 1405 571 1436 370,
586 1405 636 1432 21.
654 1402 703 1431 ed.
721 1401 832 1430 Reisk.

238 1444 311 1484 [98]
332 1446 406 1479 124,
423 1447 452 1473 9.
477 1443 546 1473 ἀλλ’
567 1442 612 1478 οἷς.
638 1445 753 1474 Mirum
775 1443 805 1473 ni
824 1447 908 1473 recte

193 1486 347 1525 Taylorus
364 1485 406 1516 ὅτι
423 1484 470 1521 οἷς,
486 1486 677 1526 anzo-clm.

238 1532 314 1565 124,
329 1531 360 1559 3.
379 1530 459 1559 Vide
478 1531 526 1560 hic
543 1541 574 1569 p·
592 1532 643 1562 95.

238 1575 312 1607 1⁶24,
327 1574 379 1602 026.
395 1575 460 1607 τοὺς
473 1572 573 1613 ἕρκους,
586 1573 607 1603 εἶ
620 1572 792 1612 ἐσωφρόνουν.
817 1571 908 1611 Opti-

193 1625 275 1645 mum
301 1625 354 1655 per
378 1626 432 1654 se3
464 1618 517 1646 sed
545 1627 561 1645 e
589 1617 742 1656 superiori
769 1614 861 1644 καίτοι
885 1614 908 1644 εἰ

193 1657 299 1698 ἒσωφξ.
315 1660 491 1697 repetitum.
539 1659 608 1688 Nisi
626 1670 752 1698 prorsus·
768 1659 909 1694 delenda,

193 1702 296 1741 potius
313 1701 335 1730 εἰ
353 1700 490 1737 εὐσέέουν,
504 1702 552 1731 vel
569 1702 705 1742 εὐώρκουν.

238 1746 373 1779 1⁶24,e9.
390 1744 501 1786 ἄλλων]
521 1747 612 1774 κακῶν
632 1756 689 1774 ms.
702 1744 785 1784 quod
803 1753 908 1772 verum

193 1792 279 1826 puto.
328 1789 437 1826 Neque
454 1788 685 1826 euphemismus
701 1786 894 1826 quaerendus.

238 1833 313 1865 124,
337 1832 390 1860 3‘2.
416 1830 484 1860 Etsi
509 1835 647 1869 tempora
672 1830 787 1869 passim
812 1828 910 1858 variat

193 1906 316 1945 Lysias,
332 1905 382 1936 hic
406 1907 470 1936 fere
497 1907 611 1943 malim,
636 1895 744 1941 eiCIN.
787 1905 908 1937 Deinde

194 1959 248 1988 pro
264 1948 376 1980 τάληθῆ
392 1948 444 1980 ὑπὸ
467 1952 656 1989 conjeceram
674 1952 714 1979 τὲ
731 1949 829 1983 ἄλλως
843 1949 908 1986 ὑπὸ,

194 1997 227 2021 ut
250 1993 411 2032 Aristoph.
430 1994 562 2023 Acharn.
580 1996 655 2023 114.
700 1992 760 2022 Sed
783 1998 910 2032 praestat

193 2037 233 2064 τὰ
250 2035 304 2065 ὑπὸ
317 2046 387 2065 cum
404 2046 461 2065 ms.

240 2091 314 2124 124,
337 2091 389 2119 39.
409 2088 522 2128 Specie
540 2089 622 2123 leve,
642 2099 674 2119 re
697 2088 821 2118 maximi
843 2099 909 2118 mo-

194 2131 301 2166 menti,
318 2130 403 2161 τοίνυν
425 2142 481 2170 pro
497 2144 539 2167 τι,
556 2132 635 2171 quod
655 2143 672 2161 e
688 2131 758 2161 MS.
779 2132 906 2162 Bekke-

193 2183 256 2203 rus.
287 2175 414 2209 Sensus,
431 2174 550 2214 δειξάτω
565 2173 607 2204 οὖν
622 2175 657 2208 ὣς
669 2174 723 2214 οὐχ
735 2173 803 2215 ὑπὲρ
814 2181 906 2214 Θηρα-

193 2215 293 2254 μένους
319 2218 459 2247 ἀντεῖπεν.
504 2219 566 2247 Pro
589 2217 656 2247 istis
686 2222 802 2254 autem,
820 2216 845 2247 ἐν
867 2216 910 2256 τῷ

193 2258 280 2297 λόγῳ,
297 2260 403 2289 timide
420 2271 570 2300 propono,
586 2260 655 2299 ἕξγῳ
672 2259 686 2290 ἢ
703 2259 787 2299 λόγῳ.
833 2261 907 2290 Vul-

195 2307 265 2340 gata
282 2304 439 2337 vertenda,
464 2309 564 2333 caveat
586 2303 803 2339 Eratosthenes,
817 2313 853 2333 ne
875 2313 908 2332 ex

194 2344 257 2383 ejus
283 2344 449 2385 defensione
469 2346 660 2387 manifestum
672 2346 746 2384 fiat,
761 2356 827 2376 eum
843 2346 908 2376 ulla

193 2387 226 2416 in
242 2397 273 2417 re
289 2388 322 2417 X
325 2388 393 2418 XX
396 2390 462 2418 viris
478 2390 696 2418 contradixisse.

240 2440 314 2474 124,
332 2440 383 2468 45.
405 2439 440 2473 ὡς
454 2438 608 2478 ἀμφότερα
624 2439 724 2468 ταῦτα
739 2440 906 2480 ostendam]

197 2480 244 2510 An
276 2491 333 2519 per·
368 2482 518 2519 quandam
551 2482 789 2520 appositionem,
820 2484 905 2521 quasi

196 2528 281 2553 esset
297 2523 336 2552 ἃ.)
359 2534 391 2553 as
407 2523 425 2553 I
439 2524 514 2553 shall
529 2535 618 2563 prove
638 2524 700 2553 both
719 2524 827 2565 things,
844 2525 864 2555 i.
879 2535 906 2554 e.

194 2576 226 2596 us
241 2565 253 2595 l
270 2565 348 2596 shall
360 2577 468 2606 prove;
494 2567 511 2596 Ι
522 2577 618 2604 mean,
632 2567 733 2596 Ishall
744 2577 830 2605 prove
842 2567 907 2597 boch

193 2617 303 2658 things.
330 2618 457 2656 Alioqui
472 2618 562 2647 facile
583 2616 734 2658 καίῆζχχ
757 2622 788 2647 et
816 2612 917 2660 Q

194 2660 300 2691 ubivis
315 2661 494 2702 permisceri
510 2666 624 2690 notum.

243 2711 318 2753 [99]
344 2713 417 2748 125,
434 2714 464 2741 2.
491 2710 616 2751 ὁπότεροί
638 2721 689 2750 μοι
712 2710 813 2740 ’ταῦτα
836 2713 907 2751 orgei-

195 2754 290 2795 ξουσι]
313 2766 361 2794 μοι
380 2766 440 2785 om.
458 2764 515 2785 ms.
551 2755 611 2789 An,
632 2753 756 2793 &fn-&regor
771 2752 908 2793 μέγιστα

197 2797 355 2836 πξάξουσιὲ
374 2799 421 2828 vel
438 2800 478 2828 τὸ,
494 2810 533 2838 μ.
551 2797 631 2827 Vide
645 2796 744 2826 Arist.
757 2797 816 2826 Av.
831 2799 906 2828 801.

196 2841 315 2870 Eccles.
337 2844 409 2872 104.

240 2894 316 2932 195,
337 2895 367 2923 6.
391 2892 576 2924 Ἐλευσῖνάδε.
598 2891 679 2922 Vide
707 2891 906 2936 Xenophont-

197 2935 325 2964 Hellen.
339 2940 370 2966 Q,
388 2939 418 2966 4.
433 2939 551 2967 8—10.

941 170 1345 214 ADVERSARIA

938 284 1060 315 Deinde
1076 284 1190 324 possis,
1206 285 1351 324 Πειραιῶς,
1368 284 1403 319 ὡς
1417 294 1459 325 up.
1504 284 1566 314 Sed
1583 285 1650 315 vul-

939 332 1008 366 gata
1023 328 1115 358 lectio
1132 328 1228 358 nihilo
1241 328 1388 358 deterior.
1402 338 1492 368 quum
1507 328 1651 365 vicissent,

937 377 1128 409 pepercerunt
1142 372 1268 412 (pacem
1287 371 1356 401 scil.
1373 369 1564 410 sperantes).

985 415 1058 447 125,
1076 416 1126 443 17.
1151 414 1318 444 Manifesto
1335 414 1395 452 leg.
1407 412 1500 444 ἐπειδὴ
1518 413 1597 443 αὐτοὶ
1614 412 1652 446 εἷς

940 466 1008 485 cum
1022 457 1137 486 Markt.
1182 456 1297 495 Neque
1311 456 1410 485 minus
1427 461 1542 485 certum
1559 456 1624 485 del.
1635 454 1652 486 ἢ

940 504 1012 537 post
1027 500 1156 540 Πειραιεῖ.
1187 499 1361 540 Oppidanis
1378 503 1517 528 auctores
1530 499 1653 528 fuerunt

941 541 1011 571 belli
1029 542 1129 571 acrius
1142 543 1269 581 gerendi
1286 547 1390 571 contra
1408 541 1593 571 Piraeenses.

985 587 1059 620 125,
1072 588 1123 615 21.
1140 585 1275 619 λαβόντες
1290 586 1344 624 γὰς
1359 585 1414 618 τὰς
1431 585 1525 624 ἀςχὲις
1539 583 1588 613 καὶ
1603 585 1653 615 ’τὴν

941 627 1032 658 πόλιν.
1057 631 1103 658 An
1126 629 1234 658 ultima
1255 633 1325 658 nata
1345 638 1385 657 ex
1406 627 1523 657 scholio
1539 626 1588 657 καὶ
1604 628 1655 658 τὴν

991 681 1016 701 r

940 718 1008 743 πολι
1030 713 1070 754 (i.
1090 725 1118 744 e.
1145 712 1315 754 πολιτείαν).
1352 714 1452 752 Supra
1479 722 1510 752 p.
1536 715 1586 743 94.
1617 713 1657 742 C.

941 756 1064 786 Philon.
1083 767 1113 796 p.
1129 758 1202 787 188.
1217 760 1246 788 9.
1262 756 1309 787 ἐὰν
1320 755 1485 789 -λάβωσι
1502 756 1553 786 τὴν
1565 754 1656 785 πόλιν.

942 799 1044 836 Quare
1060 800 1100 829 nil
1117 805 1211 829 muto.

986 844 1060 877 195,
1078 845 1131 874 ,⁴25-
1147 841 1189 872 ὅτι
1209 842 1316 872 Φείδων.
1339 843 1386 872 An
1404 841 1433 871 in
1445 851 1481 871 eo
1492 845 1539 871 est
1551 846 1654 871 orator

942 890 974 915 ut
992 885 1178 922 phidonem,
1189 885 1386 915 Eratostheni
1400 895 1444 914 sc.
1461 885 1657 920 advocatum,

942 928 1065 958 infidum
1082 929 1210 958 reddat?
1234 929 1338 958 Facile
1350 927 1498 966 expedias
1510 928 1656 965 legendo,

942 970 1105 1001 Φείδωνι-
1120 970 1329 1011 'figurae-eim,
1342 976 1377 1000 ut
1393 971 1462 1000 scil.
1480 969 1597 1009 αἷξεθεῖς
1612 987 1655 993 -·

941 1026 1053 1053 καταγ.
1065 1015 1126 1044 sint
1138 1015 1166 1044 in
1182 1014 1368 1052 parenthesi.
1386 1013 1432 1053 [iu
1445 1012 1557 1053 marg.]
1576 1024 1653 1053 prae-

942 1062 1001 1088 stat
1016 1058 1130 1087 delere.
1164 1057 1368 1094 Deindefffroisc
1381 1055 1436 1096 μὲν
1449 1055 1592 1096 κξείττους
1603 1057 1655 1086 αὑ·

941 1103 996 1130 τῶν
1020 1101 1143 1130 minime
1166 1100 1330 1138 sollicito3
1359 1099 1417 1129 etsi
1442 1098 1544 1139 inepte
1569 1100 1657 1138 expl.

941 1143 1054 1174 Reisk.
1079 1143 1164 1183 quasi
1189 1142 1326 1183 ἀμείνους.
1360 1143 1456 1172 verte
1480 1144 1656 1180 potentiores

942 1186 1057 1227 (μεῖζον
1078 1186 1233 1226 δυνάμενοι,
1254 1198 1284 1226 p.
1300 1188 1375 1222 125,
1388 1184 1470 1225 ΞΟ.)
1492 1186 1554 1215 Sed
1570 1185 1656 1225 cogi—

941 1231 1041 1258 tabam
1054 1240 1150 1259 annon
1166 1230 1339 1271 χειςίστους,
1353 1229 1527 1259 ειτυίεεὲιηυε.
1546 1239 1622 1267 quos
1639 1239 1656 1258 e

943 1272 1026 1302 Xen.
1037 1272 1133 1302 fuisse
1147 1276 1268 1302 constat
1281 1272 1386 1302 Critiae
1400 1271 1559 1301 satellites.
1585 1272 1655 1301 Imo

943 1326 1028 1351 vero,
1052 1316 1125 1354 quid
1143 1316 1168 1345 si
1191 1316 1256 1350 τοὺς
1271 1314 1327 1355 μὲν
1345 1316 1428 1354 μετὰ
1444 1313 1567 1354 Κριτίου.)
1590 1314 1658 1348 τοὺς

942 1358 997 1397 μὲν
1012 1357 1120 1397 Κριτίου
1136 1358 1273 1398 ἑταίρους,
1289 1357 1472 1392 στασιώτας,
1487 1361 1547 1387 etc.

988 1401 1082 1442 [100]
1102 1404 1173 1436 1⁶25,
1186 1404 1236 1432 34.
1253 1401 1300 1430 καὶ
1313 1399 1410 1434 πόλεις
1425 1399 1579 1438 ἐπάγοντες
1591 1410 1657 1430 cer-

944 1445 1063 1474 tissime
1085 1451 1133 1474 est
1158 1444 1359 1474 retinendum.
1406 1443 1584 1483 Opponitur
1606 1453 1657 1472 su-

943 1487 1059 1527 periori
1082 1488 1192 1521 πάντας
1215 1487 1296 1527 ἀνὲρ.
1312 1487 1332 1516 i.
1346 1498 1372 1516 e.
1388 1485 1543 1525 ἔπικούςους
1560 1486 1660 1528 (sive,

945 1537 977 1560 ut
996 1532 1086 1560 Dem.
1107 1530 1211 1560 dicere
1229 1531 1318 1566 solet,
1337 1528 1452 1568 ξένους).
1498 1530 1548 1559 Illi
1572 1533 1657 1559 erant

943 1574 1060 1603 milites
1074 1573 1271 1608 conductitii,
1288 1573 1367 1602 alius
1380 1572 1503 1602 aliunde
1519 1572 1658 1602 collecti.

944 1617 1015 1652 Hae,
1044 1617 1195 1652 civitates,
1222 1616 1347 1655 publice
1378 1615 1479 1645 foedus
1506 1615 1657 1645 ineuntes.

944 1660 1004 1688 Sed
1026 1670 1161 1698 quaenam
1194 1659 1273 1689 illae?
1304 1658 1397 1693 Puto,
1425 1657 1657 1688 Atheniensium

943 1703 1081 1741 quaedam
1103 1702 1270 1732 tributariae
1291 1702 1381 1731 urbes
1398 1704 1429 1730 et
1445 1700 1565 1737 insulae,
1582 1710 1659 1739 quas

943 1744 1040 1779 πόλεις
1068 1745 1181 1775 eximie
1211 1745 1271 1774 dici
1296 1749 1400 1773 notum
1432 1748 1491 1773 est.
1521 1742 1658 1785 ἐπίκουροι

944 1799 975 1826 p.
996 1790 1068 1823 1‘29,
1085 1791 1115 1818 3.

985 1833 1059 1869 1⁶25,
1074 1833 1127 1861 40.
1145 1831 1179 1864 ὡς
1203 1831 1351 1861 πλεῖστον.
1375 1829 1407 1860 Si
1428 1839 1538 1859 sensus
1561 1833 1659 1865 esset,

943 1883 973 1903 as
987 1873 1086 1909 much,
1105 1874 1143 1914 (i.
1154 1885 1180 1903 e.
1195 1873 1292 1915 often)
1307 1884 1338 1902 as
1353 1873 1481 1912 possible,
1499 1877 1658 1911 oporteret.

943 1918 1087 1947 πλεῖστα.
1110 1918 1171 1946 Sed
1188 1918 1268 1956 lege,
1285 1914 1442 1952 πλείστων,
1458 1916 1525 1946 scil.
1541 1915 1658 1956 μαξτύ-

943 1971 999 2001 ξων.
1018 1966 1049 1990 et
1063 1961 1107 1990 sic
1126 1960 1233 1990 Reisk.

991 2005 1060 2039 125,
1077 2006 1129 2034 43.
1149 2005 1232 2042 Lege
1244 2013 1311 2032 cum
1323 2001 1510 2032 Marklando
1527 2005 1558 2031 et
1573 2002 1653 2041 Tay-

942 2047 1019 2081 loro,
1045 2045 1291 2086 ἀπολογὴσασ-θαι
1307 2063 1351 2068 —
1364 2043 1464 2084 ἐκείνῳ.
1514 2044 1658 2083 Ineptius

942 2100 1030 2128 quam
1043 2090 1103 2119 dici
1119 2094 1233 2128 potest,
1244 2086 1528 2127 Θεμιστοκλέους-καὶ
1541 2093 1657 2127 Θηςαμ..

941 2132 1017 2171 legit
1041 2133 1258 2167 Marklandus,
1279 2131 1367 2170 quasi
1392 2140 1499 2160 revera
1522 2130 1658 2160 dixisset

942 2176 1163 2205 Eratosthenes
1193 2186 1226 2205 se
1255 2173 1455 2204 Themistocli
1483 2177 1514 2202 et
1541 2173 1656 2202 Thera-

942 2219 1023 2249 meni
1047 2219 1187 2248 amicum.
1233 2219 1435 2255 eomparatur
1450 2216 1655 2245 Theramenes

943 2272 1011 2291 cum
1034 2260 1252 2296 Themistocle,
1269 2271 1327 2289 non
1350 2260 1437 2289 ambo
1460 2269 1527 2288 cum
1547 2260 1656 2288 Erato-

943 2305 1061 2334 sthene.
1087 2306 1182 2335 Recte
1197 2305 1296 2333 locum
1314 2303 1408 2332 vertit
1424 2302 1570 2331 Reiskius
1585 2306 1610 2331 t.
1624 2303 1655 2332 6.

942 2358 974 2386 p.
992 2350 1066 2378 466.

987 2393 1060 2422 1⁴26.
1089 2392 1138 2421 13.
1162 2390 1382 2423 Theramenes,
1409 2387 1480 2416 dum
1505 2397 1522 2416 a
1547 2387 1655 2417 CCCC

942 2433 1113 2472 colebatur,
1128 2433 1232 2462 πιστὸν
1247 2429 1344 2465 ἓαυτξν
1358 2430 1394 2471 τῇ
1410 2429 1490 2459 πόλει
1507 2431 1655 2470 παρεῖχεν.

943 2477 1058 2515 Magno
1077 2486 1133 2505 sno
1151 2476 1229 2504 malo
1246 2475 1291 2503 ita
1307 2474 1428 2502 locutus
1445 2477 1525 2503 esset
1541 2478 1654 2502 orator.

941 2519 1058 2549 Sensus
1091 2517 1310 2557 proculdubio,
1336 2516 1422 2556 fidus
1448 2516 1517 2557 suit
1550 2515 1656 2545 CCCC

1497 2569 1521 2588 *1-

944 2601 1021 2629 viris.
1046 2597 1216 2628 Lenissime
1239 2601 1340 2636 potes,
1364 2596 1403 2637 τξῖ
1428 2601 1503 2626 ’πολι
1520 2596 1542 2626 i.
1555 2607 1582 2626 e.
1602 2606 1656 2625 πο-

943 2641 1034 2681 λιτείᾳ
1051 2653 1095 2671 =
1109 2643 1170 2675 τοῖς
1189 2639 1391 2670 καθεττηκόσι
1412 2640 1580 2678 πράγμασι.
1606 2639 1654 2669 the

943 2684 1257 2725 (then)gouernment.
1276 2683 1355 2712 vide
1368 2693 1398 2720 p.
1411 2685 1489 2717 120,
1502 2685 1554 2714 36.
1570 2683 1652 2721 apud

943 2728 1080 2757 Bekker.
1098 2727 1146 2755 hic
1161 2738 1190 2766 p.
1206 2728 1257 2756 94.
1287 2726 1346 2755 Sed
1362 2725 1451 2755 facile
1461 2725 1535 2755 oriri
1552 2726 1654 2766 potuit

942 2770 979 2810 τῇ
995 2768 1075 2800 πόλει
1091 2780 1128 2798 ex
1146 2769 1249 2807 inepta
1266 2769 1380 2806 glossa.

986 2815 1061 2848 126,
1079 2814 1130 2842 14.
1147 2810 1323 2852 πρᾳοτὲςους.
1339 2809 1498 2841 Sententia
1511 2809 1652 2849 requirit,

941 2853 1141 2894 mqy'orisfieri
1152 2865 1238 2894 quam
1249 2863 1288 2889 se,
1301 2858 1333 2882 ut
1346 2857 1467 2883 monent
1485 2853 1543 2883 viri
1557 2853 1654 2884 docti.

942 2898 1023 2928 Vide
1034 2899 1173 2936 Thucyd.
1192 2898 1285 2927 VIIt.
1298 2898 1351 2927 89.
1363 2894 1510 2929 κατ’ίδίας
1526 2895 1553 2926 δὲ
1569 2902 1651 2935 φιλο-

941 2939 1045 2982 τιμίας
1067 2945 1126 2970 etc.
1165 2940 1343 2980 Cogitabam
1372 2938 1559 2979 πικςστὲςους,
1584 2940 1604 2968 i.
1623 2950 1650 2968 e.

243 2979 316 3011 195,
349 2981 399 3008 10.
427 2979 537 3020 ἔδοξαν]
573 2979 680 3014 Verte,
712 2977 778 3007 that
808 2977 908 3018 lhiwgs
938 2985 1017 3023 plebi
1040 2983 1219 3024 infensiores,
1250 2983 1331 3021 quod
1364 2993 1435 3012 vere
1466 2982 1581 3011 dictum
1614 2981 1652 3012 iri

198 3021 293 3051 wau-ld
310 3025 380 3050 turn
398 3028 447 3052 out
466 3032 496 3053 as
511 3021 577 3053 both
593 3021 665 3053 sides
685 3021 745 3052 had
760 3021 905 3060 expected.
940 3032 1024 3066 patet
1040 3037 1057 3057 e
1073 3026 1255 3066 Thucydide
1270 3037 1277 3063 3
1302 3026 1355 3056 sed
1378 3025 1420 3055 ni}
1443 3024 1581 3055 dicturus
1603 3034 1650 3055 es-
