1839 3229
237 186 315 227 100
794 184 828 227 I.
860 184 1132 228 TAYLORI

220 292 354 335 Ἔριφος
371 291 398 325 δ’
415 293 452 326 ὲν
466 294 632 338 Μελιβοίᾳ
653 294 741 328 αὐτὰ
763 296 806 327 τὰ
823 295 959 338 ἰαμβεῖα
974 296 1132 339 προσθεὶς
1156 293 1201 334 ὡς
1215 293 1296 334 ἴδια,
1314 296 1355 327 τὰ
1383 297 1439 326 τοῦ
1467 293 1691 336 Ἀντιφάνους

228 347 372 390 ἐπιφέρει

508 402 592 445 Παρ’
605 401 811 446 Ἑσπερίδων
830 401 927 445 ᾤμην
942 415 978 445 γε
995 405 1039 442 νὴ
1057 405 1124 442 τὴν
1139 402 1318 446 Ἀρτεμιν.

508 458 618 489 Φασὶν
635 457 678 489 τὰ
693 459 804 500 χρυσᾶ
814 458 909 499 μῆλα
926 456 1013 489 τουτ’
1027 453 1113 489 εἶναι
1130 457 1206 500 τρία

508 513 608 546 Μόν’.
622 518 660 546 Β.
673 512 794 546 ’Ἔστιν
809 513 927 556 ὀλίγον
943 515 981 546 τὸ
998 514 1116 554 καλὸν,
1133 513 1205 546 ἔστι
1218 514 1403 555 πανταχοῦ

509 569 576 600 Καὶ
592 568 713 611 τίμιον·
741 567 871 600 τούτων
887 568 950 610 μὲν
966 568 1093 609 ὀβολὸν
1109 569 1148 601 οὐ
1162 568 1252 601 πολὺ

508 623 642 666 Τίθημι,
660 624 836 666 λογιοῦμαι
852 623 917 665 γὰρ
932 639 977 646 --
995 624 1032 655 et
1049 632 1132 665 quae
1151 624 1369 666 sequuntur.

227 684 301 718 Ubi
319 684 487 718 nimirum
503 693 612 717 voces
632 686 675 717 τὰ
692 687 751 717 τοῦ
772 684 996 728 Ἀντιφάνους
1012 684 1121 718 credo
1138 684 1225 717 olim
1247 683 1401 727 margini
1417 693 1438 716 a
1451 683 1585 716 lectore
1604 691 1693 726 quo·

227 738 311 772 dam
344 738 455 772 fuisse
487 736 618 771 adlitas
643 748 663 771 e
690 738 841 781 regione
859 736 1073 783 Antiphanis
1088 737 1314 781 lamborum,
1334 748 1424 783 quos
1442 735 1602 780 Eriphus
1620 745 1696 768 suae

227 792 360 826 fabulae
377 792 540 826 inseruit.
592 791 691 833 Quid
718 791 814 825 enim
840 791 877 825 in
894 793 1002 826 textu
1019 791 1191 826 Athenaei
1209 796 1373 837 potuere,
1392 792 1553 826 nondum
1568 789 1687 824 video,

229 846 312 880 Pari
332 857 438 891 passu
458 846 648 881 ambulant
665 846 861 889 AEschylus
878 846 979 890 apud
994 846 1130 880 Athen.
1147 846 1170 880 1.
1186 850 1221 883 1.
1237 859 1274 893 p.
1288 858 1337 882 m.
1352 848 1390 880 9.

502 902 574 935 ‘¹06’
589 903 682 935 ἐστὶν
700 903 738 941 ὅς
755 902 831 935 ποτ’
848 902 927 946 ἀμφ’
945 903 1016 946 ἐμοὶ
1033 901 1137 944 βέλος

510 958 755 997 Γελωτοποιὸν,
775 960 841 998 τὴν
859 958 1028 1000 κάκοσμον
1042 958 1193 1000 οὐράνην

505 1011 667 1055 ’Έρῤιψεν
679 1012 749 1044 οὐδ’
765 1013 903 1056 ἥμαρτε·
924 1013 1001 1055 περὶ
1018 1011 1046 1043 δ’
1060 1013 1128 1055 ἐμῷ
1145 1012 1230 1056 κάρα

511 1067 672 1110 Πληγεῖσ’
695 1066 910 1110 ἐναυάγησεν
924 1067 1174 1110 ὀστρακουμένη

511 1123 620 1165 Χωρὶς
635 1124 794 1165 μυρηρῶν
808 1120 954 1164 τευχέων
971 1121 1107 1154 πνέουσ’
1121 1122 1202 1165 ἐμοί.

229 1188 265 1218 ct
284 1184 483 1229 Sophocles
496 1185 584 1218 ibid.

508 1240 603 1274 Ἀλλ’
620 1242 702 1284 ἀμφὶ
716 1243 811 1286 θυμῷ
822 1244 888 1283 τὴν
906 1242 1074 1286 κάκοσμον
1092 1243 1247 1287 οὐράνην

500 1295 663 1340 ”Εῤῥιψεν
676 1296 743 1329 οὐδ’
760 1298 898 1340 ἥμαρτε·
925 1299 1001 1340 περὶ
1019 1297 1045 1329 δ’
1062 1298 1130 1341 ἐμῷ
1143 1298 1228 1341 κάρα

458 1388 463 1392 .
509 1351 733 1395 Κατάγνυται
751 1354 789 1385 τὸ
807 1354 925 1394 τεῦχος
941 1353 980 1384 οὐ
997 1351 1102 1396 μύρου
1119 1351 1237 1385 πνέον.

228 1412 368 1447 Eadem
385 1424 489 1458 porro
505 1413 642 1447 ratione
655 1413 881 1458 Theophilus
898 1414 935 1447 in
953 1413 1214 1458 Neoptolemo:

507 1470 554 1501 Οὐ
567 1469 732 1513 συμφέρον
747 1470 809 1502 νέα
826 1471 895 1503 ἐστὶ
912 1469 1088 1514 πρεσβύτῃ
1106 1469 1209 1513 γυνὴ.

497 1522 626 1567 “Ὠσπερ
644 1525 708 1568 γὰρ
726 1526 850 1564 ἄκατος
867 1525 940 1558 οὐδὲ
958 1527 1077 1569 μικρὸν
1091 1525 1246 1557 πείθεται

502 1578 575 1611 Ἐνὶ
592 1579 760 1622 πηδαλίῳ,
780 1582 817 1613 τὸ
838 1580 951 1624 πεῖσμ’
968 1579 1192 1623 ἀπορῤἡξασα
1205 1578 1237 1610 δὲ

503 1633 559 1666 Ἐκ
576 1637 697 1672 νυκτὸς
712 1635 826 1677 ἕτερον
842 1635 947 1677 λιμέν’
963 1633 1075 1677 ἔχουσ’
1092 1632 1258 1676 ἐξευρέθη.

227 1706 310 1740 quae
329 1696 456 1730 iisdem
475 1706 568 1739 pene
586 1695 704 1729 verbis
724 1698 807 1730 ante
824 1707 907 1729 eum
925 1695 1123 1740 Theognis.

507 1752 605 1785 Οὗτοι
623 1751 788 1796 συμφέρον
806 1753 876 1785 ἐστὶ
893 1754 982 1796 γυνὴ
1000 1752 1060 1785 νὲα
1076 1751 1176 1795 ἀνδρὶ
1193 1752 1336 1796 γέροντι“

555 1807 603 1838 Οὐ
621 1809 686 1849 γὰρ
698 1807 853 1849 πηδαλίῳ
867 1807 1017 1839 πείθεται
1033 1808 1077 1846 ὡς
1094 1807 1230 1846 ἄκατος,

505 1860 581 1893 Οὐδ’
598 1862 750 1904 ἄγκυραν
766 1861 915 1903 ἔχουσιν·
931 1860 1155 1904 άπορῤἡξασα
1170 1860 1202 1893 δὲ
1220 1860 1323 1899 δεσμὰ

553 1916 723 1954 Πολλάκις
739 1917 773 1947 ἐκ
787 1919 919 1948 νυκτῶν
936 1916 1047 1948 ἄλλον
1064 1915 1131 1958 ἔχει
1142 1914 1273 1958 λιμένα.

223 1977 294 2010 Pro
309 1977 476 2020 συμφέρον
500 1976 587 2019 legit
603 1979 771 2022 χρήσιμον
788 1977 960 2011 Clemens
976 1976 1251 2011 Alexandrinus
1268 1977 1403 2010 Strom.
1419 1976 1442 2009 1.
1467 1979 1501 2011 6.
1520 1987 1632 2021 quem
1650 1978 1694 2013 li-

221 2031 341 2075 brum,
360 2031 414 2065 uti
430 2034 467 2064 et
493 2032 629 2066 Euseb.
649 2033 847 2076 Praeparat.
873 2032 1016 2075 Evang.
1036 2032 1060 2065 l.
1080 2033 1135 2067 10.
1154 2031 1273 2074 adeat,
1291 2032 1353 2075 qui
1371 2034 1409 2064 τὸ
1427 2033 1622 2077 εὐεπίφορον
1647 2033 1694 2073 εἷς

221 2088 357 2127 κλοπὴν
374 2090 442 2120 τῶν
458 2086 639 2127 Ἑλλήνων
656 2086 813 2131 penitius
830 2086 1010 2131 inspicere
1032 2085 1131 2119 velit.
1183 2086 1298 2119 Plena
1315 2087 1371 2119 est
1389 2095 1513 2119 eorum
1539 2086 1690 2122 messis:

222 2151 291 2184 ego
308 2140 426 2185 spicas
439 2142 582 2174 tantum
610 2141 755 2185 colligo.
806 2141 867 2175 Ex
892 2140 1066 2186 Autiquis
1092 2140 1203 2175 etiam
1233 2140 1320 2174 olim
1344 2141 1389 2174 de
1416 2140 1510 2175 furto
1539 2141 1694 2176 literario

220 2197 397 2240 scripsere
415 2196 566 2230 Alcaeus
583 2197 630 2230 de
647 2197 784 2242 Ephori
802 2195 916 2239 furtis,
937 2207 1010 2230 non
1026 2196 1175 2242 quidem
1188 2195 1233 2230 ad
1248 2207 1410 2230 normam
1429 2196 1586 2231 historiae
1604 2208 1692 2232 con-

220 2251 436 2294 scribendae,
464 2252 527 2285 sed
553 2263 617 2296 per
645 2252 863 2296 paroediam.
914 2252 1109 2293 Aretades‚
1133 2251 1239 2296 cujus
1262 2262 1354 2296 opus
1380 2252 1550 2286 laudatur
1566 2263 1586 2286 a
1604 2253 1692 2287 Por-

218 2305 318 2349 phyr.
344 2306 441 2350 apud
473 2307 672 2341 Eusebium
701 2308 819 2352 Praep.
840 2307 1018 2351 Evangel.
1037 2308 1061 2341 l.
1082 2309 1137 2341 10.
1158 2310 1232 2351 περὶ
1251 2310 1527 2349 συνεμπτώσεως,
1546 2308 1622 2342 sive
1640 2309 1688 2343 de

217 2360 365 2395 fortuita
379 2362 586 2397 Auctorum
601 2364 867 2398 convenientia.
908 2362 1173 2406 Aristophanes
1191 2363 1460 2397 Grammaticus
1475 2365 1512 2396 ἐν
1528 2367 1605 2403 ταῖς
1621 2377 1690 2398 πα-

217 2417 406 2460 ραλλὴλοιν
423 2418 621 2462 Μενάνδρου
645 2433 679 2453 τε
705 2422 760 2452 καὶ
790 2419 842 2463 ἀφ’
866 2418 914 2452 ὦν
937 2419 1076 2458 ἔκλεψεν
1099 2419 1267 2463 ἐκλογαῖς.
1319 2417 1472 2450 Latinus
1489 2416 1562 2461 (vel
1578 2417 1691 2461 juxta

219 2470 396 2514 quosdam
417 2471 603 2517 Cratinus)
618 2472 654 2505 in
679 2472 781 2506 libris
798 2473 869 2507 IV.
891 2476 964 2518 περὶ
981 2478 1050 2506 τῶν
1067 2475 1126 2507 οὐκ
1142 2474 1233 2507 ἰδίων
1258 2472 1468 2517 Μενάνδρου.
1520 2473 1685 2517 Lysima-

219 2524 309 2558 chus
334 2525 485 2558 inlibris
503 2526 556 2559 II.
588 2530 746 2571 περὶτῆς
777 2529 918 2573 Ἐφόρου
947 2530 1090 2568 κλοπῆς.
1143 2528 1383 2561 Philostratus
1416 2527 1690 2563 Alexandrinus

219 2581 373 2624 περὶτῆς
401 2584 459 2613 τοῦ
484 2583 686 2624 Σοφοκλέους
711 2584 854 2623 κλοπῆς.
905 2583 1034 2626 Pollio,
1060 2583 1123 2627 qui
1151 2582 1281 2615 librum
1313 2581 1359 2614 de
1387 2581 1564 2616 Herodoti
1594 2582 1691 2617 furto

216 2633 445 2678 conscripsit,
478 2635 639 2680 itemque
671 2636 876 2680 Epistolam
902 2637 947 2670 ad
971 2637 1199 2671 Soter-indam
1229 2635 1275 2670 de
1303 2635 1438 2670 Ctesiae
1477 2637 1618 2681 pflagiis,
1648 2639 1686 2670 et

220 2689 311 2733 libri,
330 2691 390 2725 cui
403 2700 533 2724 nomen
548 2690 703 2725 inditum
722 2693 778 2725 est
794 2692 975 2735 Ἰχνευταὶ,
988 2691 1049 2725 ubi
1061 2691 1105 2724 de
1117 2689 1357 2735 Theopompo
1372 2691 1489 2725 multa
1501 2692 1684 2734 leguntur.
