1901 3244
193 410 244 445 29

260 193 371 246 660

838 201 1118 245 ΛΥΣΙΟΥ

923 326 1034 371 ΡΙΕ.

515 407 679 451 ΠΡΟΣ
723 406 1132 452 ΣΩΣΤΡΑΤΟΝ
1173 406 1443 451 ΤΒΡΕΩΣ.

336 488 596 550 Ἰο-οϊεληίς.1

935 572 1038 622 ΡΙς.

651 662 827 704 ΚΑΤΑ
869 662 1308 705 ΤΕΛΑΜΩΝΟΣ.

335 727 463 778 Εὖνεῖ
483 725 569 779 041.2

336 800 584 860 Κάθετος.3

922 883 1038 925 ΡΙΖ.

476 975 641 1018 ΠΡΟΣ
687 975 1041 1018 ΤΙΜΟΘΕΟΝ
1081 965 1493 1019 ΠΡΟΔΟΣΙΜ.4

922 1074 1038 1116 ΡΙΗ.

724 1171 890 1215 ΠΡΟΣ
934 1172 1227 1214 ΤΙΜΩΝΑ.

334 1253 397 1305 Oi
439 1250 484 1303 ὃ
519 1251 858 1343 ἀλαζονεύονται
895 1252 974 1322 μὲν
1015 1250 1187 1322 Τιμωνι
1201 1251 1579 1345 φ’παραπλησιως,
1621 1275 1702 1305 και

261 1350 636 1397 εσχηματισμενοι
664 1350 986 1401 περιερχοντοιι,
1015 1323 1153 1394 ὥςπερ
1179 1349 1316 1384 ουτος.

925 1441 1039 1483 ΡΙΘ.

672 1522 837 1565 ΠΡΟΣ
880 1522 1296 1564 ΤΙΜΩΝΙΔΗΝ.

335 1607 436 1662 Πως
462 1602 503 1655 ὃ
531 1605 583 1656 ἀν
613 1628 689 1661 της
715 1601 940 1661 διαθέσεως
965 1627 1041 1654 του
1069 1601 1434 1664 τετελευτηκοτος
1459 1601 1706 1673 οἷμελῆσοιι-

260 1705 355 1751 μεν,
375 1679 422 1741 ἣν
447 1678 598 1739 ἐκεῖνος
623 1675 797 1741 διεθετο,
821 1679 867 1729 ου’
887 1702 1129 1745 παροινοων,
1151 1674 1240 1729 ου’ὃε
1266 1702 1442 1743 ’γυναικι
1429 1676 1703 1738 πεισθεις;6

263 1792 352 1827 Καλὸς
363 1791 416 1832 μὲν
426 1792 437 1821 ὃ
453 1792 544 1830 λόγος,
555 1791 579 1822 οὗ
590 1791 693 1827 Λυσία,
707 1792 733 1822 οἱ·
745 1804 798 1830 μην
813 1792 966 1831 ἁξμὶττων

263 1835 338 1875 ἐμοί·
370 1836 472 1865 δηλαδὴ
497 1837 552 1874 γᾶς
575 1834 605 1865 ’ἦν
629 1835 663 1864 τὸ
686 1834 770 1864 πλέον
795 1835 926 1866 δικανικὴ
951 1835 964 1865 ἦ

264 1878 467 1918 ἐμφιλόσοφος·
488 1877 617 1911 εἰπόντος
642 1877 669 1907 δὲ
692 1879 741 1907 ’τοῦ
758 1877 871 1913 Λυσίου,
892 1881 965 1913 Πῶς,

265 1923 286 1951 εἶ
304 1922 389 1955 καλός·
409 1920 487 1950 ἐστιν
500 1922 511 1950 ο’
526 1919 614 1958 λόγος,
631 1921 677 1950 οὐκ
692 1921 722 1950 ἄν
742 1933 785 1949 σοι
807 1921 964 1961 &mado-7513

265 1965 328 2003 ἔφη,
343 1965 382 1994 Οὐ
397 1966 450 2002 γᾶς
464 1964 509 1992 καὶ
527 1964 635 2002 ἱμάτια
648 1966 725 1992 καλὰ
736 1963 781 1991 καὶ
793 1964 965 2002 ὑποδήματα

266 2008 303 2037 εἷή
329 2008 360 2036 ἂν
378 2005 442 2045 ἐμοὶ
467 2006 656 2046 ἀνάρμοστοι5
680 2008 778 2036 Laert.
801 2007 829 2036 in
846 2008 965 2036 Socrat-

267 2055 288 2067 “
300 2052 400 2088 Quum
435 2050 565 2078 omnium
603 2049 848 2087 sapientissimus
884 2054 966 2078 esset

267 2091 440 2133 [Socrates]
457 2091 705 2130 sanctissimeque
724 2091 862 2126 vixisset,
877 2091 918 2120 ita
935 2092 964 2120 in

262 2135 381 2177 judicio
403 2134 514 2173 capitis
531 2145 584 2174 pro
606 2145 638 2164 se
658 2136 725 2173 ipse
747 2135 836 2167 dixit,
854 2140 886 2163 ut
908 2145 964 2163 non

267 2179 400 2217 supplex
415 2182 467 2207 aut
481 2188 563 2214 reus,
579 2178 633 2206 sed
649 2177 792 2215 magifiter
807 2182 857 2206 aut
869 2177 966 2206 domi-

267 2232 323 2252 nus
340 2221 492 2250 videretur
507 2231 574 2250 esse
589 2220 746 2251 Judicum.
791 2220 965 2256 Quinetiam

267 2275 358 2304 quum
371 2264 398 2293 ei
413 2263 558 2302 scriptam
568 2263 731 2293 orationem
743 2262 966 2292 disertissimus

268 2309 380 2336 Orator
396 2306 499 2345 Lysias
513 2307 677 2341 attulisset,
690 2316 790 2344 quam,
801 2306 826 2335 si
839 2305 867 2335 ei
881 2305 966 2335 vide-

268 2354 362 2384 retur,
387 2350 550 2385 edisceret,
568 2354 602 2378 ut
625 2360 660 2379 ea
681 2359 738 2388 pro
755 2360 787 2379 se
804 2349 833 2378 in
847 2349 966 2387 judicio

269 2397 413 2427 uteretur,
431 2402 490 2421 non
514 2392 626 2421 invitus
650 2392 738 2429 legit,
757 2398 787 2421 et
811 2392 967 2422 commode

269 2436 411 2474 scriptam
433 2444 501 2464 esse
525 2435 624 2463 dixit:
648 2435 714 2472 sed,
741 2435 850 2473 inquit,
867 2435 919 2469 Ut,
940 2435 966 2464 si

267 2478 342 2507 mihi
372 2477 490 2507 calceos
519 2477 679 2515 Sicyonios
711 2478 878 2513 attulisses,
907 2488 966 2506 non

268 2526 382 2556 uterer,
398 2519 537 2559 quamvis
554 2525 656 2549 essent
670 2520 787 2550 habiles
802 2526 831 2550 et
848 2522 910 2559 apti
929 2521 966 2550 ad

269 2564 389 2604 pedem,
405 2562 476 2602 quia
488 2573 545 2592 non
561 2568 664 2592 essent
678 2563 802 2600 viriles;
827 2563 871 2592 sio
884 2563 967 2592 illam

269 2607 436 2637 orationem
452 2604 593 2635 disertam
618 2605 678 2635 sibi
699 2611 729 2634 et
748 2606 908 2635 oratoriam
922 2606 967 2636 vi-

269 2650 347 2686 deri,
360 2650 468 2679 fortem
490 2654 521 2678 et
538 2647 656 2678 virilem
672 2658 729 2676 non
746 2648 878 2678 videri.”
900 2649 966 2678 Cic.

269 2694 307 2722 de
331 2695 417 2722 Orat.
441 2692 466 2721 1.
491 2693 542 2723 54.
587 2690 701 2720 Eadem
733 2700 809 2728 pene
835 2691 967 2728 Quintil.

269 2737 331 2766 XI.
348 2739 378 2765 1.
394 2735 442 2765 II.
460 2734 623 2764 15.Valer.
639 2733 796 2763 Max.V1.
812 2737 843 2763 4.
880 2734 966 2770 Quos

269 2779 457 2812 exscribere,
477 2787 546 2807 cum
569 2777 672 2806 eadem
696 2781 774 2811 sunt,
792 2786 849 2805 non
866 2781 963 2806 vacat.

268 2822 437 2852 meminere
457 2830 576 2859 quoque
600 2819 689 2857 hujus
711 2819 867 2848 Orationis
894 2820 964 2848 Plu-

269 2861 368 2895 tarch.
391 2863 520 2893 Photius
543 2864 573 2892 in
604 2863 672 2892 Vita
696 2861 807 2900 Lysiae.
849 2862 964 2899 Apolo-

269 2908 347 2946 giam
377 2907 511 2936 Socratis
535 2905 687 2944 scripsere
717 2914 836 2943 quoque
866 2904 963 2939 Plato,

267 2951 440 2989 Xenophon
457 2953 487 2978 ct
502 2949 657 2983 Libanius,
671 2957 797 2986 quorum
812 2947 964 2976 orationes

267 2997 407 3023 exstant:
429 2992 502 3021 item
525 2993 661 3021 Demetr.
686 2991 854 3020 Phalereus
883 2990 965 3031 (vid.

268 3039 368 3068 Laert.
383 3036 414 3065 in
423 3034 773 3075 Heraclito)‚Plutarch.
785 3033 835 3075 (ut
846 3037 966 3063 constat

1321 1326 1340 1354 5

1001 1802 1039 1821 ex
1060 1791 1207 1831 Lampriae
1220 1792 1384 1832 catalogo),
1400 1793 1483 1822 Theo
1497 1794 1703 1824 Antiochenus

1002 1835 1137 1870 Stoicus,
1159 1840 1189 1869 et
1207 1835 1287 1864 Zeno
1306 1837 1460 1866 Sidonius.
1506 1837 1574 1866 Non
1600 1836 1703 1876 utique

1002 1878 1236 1913 Demosthenes,
1249 1879 1409 1908 AEschines
1425 1884 1454 1908 et
1468 1879 1658 1918 Hyperides,
1670 1885 1703 1910 ut

1001 1921 1076 1950 falso
1107 1921 1296 1950 existimavit
1324 1921 1445 1951 Ionsius
1479 1922 1516 1950 de
1552 1922 1699 1960 Scriptor.

1002 1964 1086 1993 Hist.
1103 1963 1282 2002 Plnilosopli.
1306 1964 1409 1993 IDEM.

1042 2008 1050 2026 ¹
1071 2007 1119 2035 Ex
1137 2005 1288 2044 Harpocr.
1316 2007 1421 2035 IDEM.

1041 2049 1116 2078 2ΕΚ
1151 2049 1301 2086 Harpocr.
1324 2048 1425 2078 Εὐνίδοιι
1455 2048 1541 2078 Suid.
1569 2054 1600 2079 et
1622 2049 1699 2079 cod.

1001 2092 1154 2130 Harpocr.
1171 2092 1234 2119 MS.
1253 2093 1338 2120 Cant.
1357 2093 1428 2120 Vid.
1444 2092 1482 2121 de
1498 2091 1544 2120 his
1563 2093 1698 2132 Hesych.

1000 2136 1102 2173 Etym.
1128 2133 1186 2168 M.,
1202 2134 1305 2163 Vales.
1329 2135 1365 2162 ad
1394 2135 1541 2172 Excerpt.
1564 2134 1700 2164 Peiresc.

1001 2189 1029 2216 p.
1044 2179 1095 2206 66.
1114 2177 1200 2205 Idem
1222 2177 1258 2205 ad
1275 2177 1428 2215 Harpocr.
1447 2177 1529 2206 Poll.
1545 2178 1645 2208 VIII.
1669 2180 1698 2208 9.

1001 2220 1084 2250 Ptol.
1110 2220 1268 2258 Hephaest.
1293 2220 1375 2258 apud
1400 2220 1538 2249 photium
1567 2232 1596 2260 p.
1625 2221 1699 2252 485.

1000 2264 1112 2294 Athen.
1129 2273 1159 2301 p.
1178 2264 1249 2294 698.
1265 2263 1300 2292 C.
1322 2262 1429 2293 IDEM.

1043 2305 1056 2324 ³
1073 2306 1116 2334 Ex
1134 2306 1316 2343 Harpocrat.
1329 2310 1358 2334 et
1374 2305 1460 2336 Suid.
1483 2305 1586 2335 IDEM.

1042 2350 1055 2369 ⁴
1070 2349 1220 2378 Memorat
1246 2349 1428 2378 Plutarchus
1452 2348 1482 2377 iu
1501 2349 1574 2377 Vita
1589 2348 1701 2388 Lysiae,

1000 2392 1028 2421 h.
1051 2402 1081 2431 p.
1097 2389 1255 2431 Συνέγραψε
1273 2390 1302 2421 δὲ
1318 2390 1396 2428 λόγον
1415 2391 1463 2420 καὶ
1480 2389 1644 2430 Ἰφικξάτει,
1656 2391 1701 2421 τὸν

1000 2433 1054 2474 μὲν
1071 2433 1143 2474 ωςός
1157 2433 1300 2473 “Αςμόδιον
1316 2434 1444 2474 (citatur
1458 2434 1523 2463 haec
1545 2434 1641 2462 oratio
1662 2434 1699 2462 ab

1001 2478 1066 2507 aliis
1089 2478 1149 2516 περὶ
1161 2479 1211 2511 τ”ς
1225 2477 1393 2516 Ἰφικράτους
1408 2475 1514 2511 εἰκόνος,
1529 2480 1559 2505 et
1582 2475 1700 2505 indiffe-

1001 2526 1102 2550 renter
1129 2520 1189 2559 πεςῖ
1214 2522 1265 2554 τῆς
1287 2519 1459 2559 ἰφικςάτους
1483 2519 1590 2558 δωρεᾶς.
1628 2517 1700 2548 Vid.

1002 2573 1069 2602 sup.
1090 2573 1122 2602 p.
1139 2565 1210 2593 651.
1215 2563 1228 2602 )
1243 2574 1289 2592 τον
1306 2563 1333 2593 δὲ
1350 2561 1494 2603 προδοσίας
1508 2559 1597 2600 κξίνων
1610 2560 1700 2600 Τιμό-

1000 2605 1072 2637 θεον,
1107 2607 1210 2635 Locus
1222 2606 1401 2639 malesanus,
1414 2610 1446 2634 ut
1461 2602 1607 2642 plurimi
1598 2613 1628 2632 ln
1644 2604 1701 2634 hac

1001 2649 1074 2679 vita.
1119 2649 1178 2686 Qui
1202 2648 1369 2687 postulavit
1382 2647 1572 2677 'timotheum
1598 2647 1702 2684 prodi-

1001 2692 1105 2726 tionis,
1122 2696 1187 2721 erat
1202 2691 1382 2729 Iphicrates,
1398 2699 1456 2718 non
1474 2689 1595 2727 Lysias.
1619 2689 1701 2728 Lege

1000 2734 1120 2773 itaque:
1145 2732 1301 2773 Συνέγραψε
1328 2732 1355 2762 δὲ
1381 2732 1476 2769 λόγους
1500 2738 1521 2761 Β
1540 2730 1702 2771 Ἰφικράτει,

1000 2777 1046 2807 τὶν
1065 2776 1120 2816 μὲν
1139 2794 1182 2798 -
1200 2776 1247 2805 τᾶν
1268 2774 1295 2804 δὲ
1321 2772 1464 2814 πξοδοσίας
1479 2774 1594 2813 Κςίνοντι
1608 2775 1703 2816 Τιμό-

1000 2819 1071 2849 θεον.
1095 2820 1170 2848 Cum
1185 2820 1367 2848 exarabatur
1378 2816 1635 2873 κξιινοντιτιμοθεον,
1644 2829 1700 2848 ex·

999 2863 1074 2891 cidit
1099 2862 1127 2890 in
1160 2860 1360 2890 describendo
1396 2860 1490 2890 altera
1514 2862 1632 2900 syllaba
1655 2872 1697 2892 τι.

998 2904 1105 2934 IDEM.

1041 2946 1053 2964 ⁵
1069 2947 1116 2976 Ex
1130 2946 1217 2975 Suid.
1233 2945 1262 2974 in
1281 2944 1452 2986 Ἐσχηματ.
1475 2943 1580 2977 IDEM.

1038 2991 1052 3010 ⁶
1065 2991 1114 3020 Ex
1127 2989 1213 3019 Suid.
1229 2988 1258 3018 in
1274 2987 1417 3023 Διάθεσις.
1438 2987 1542 3020 IDEM.
