<?xml version="1.0" encoding="UTF-8"?>
<!DOCTYPE html PUBLIC "-//W3C//DTD XHTML 1.0 Transitional//EN"
    "http://www.w3.org/TR/xhtml1/DTD/xhtml1-transitional.dtd">
<html xmlns="http://www.w3.org/1999/xhtml" xml:lang="en" lang="en">
 <head>
  <title>
</title>
<meta http-equiv="Content-Type" content="text/html;charset=utf-8" />
  <meta name='ocr-system' content='tesseract 3.04.00' />
  <meta name='ocr-capabilities' content='ocr_page ocr_carea ocr_par ocr_line ocrx_word'/>
</head>
<body>
  <div class='ocr_page' id='page_1' title='image "./oratoresatticie02dobs/oratoresatticie02dobs_0063.png"; bbox 0 0 1819 3219; ppageno 0'>
   <div class='ocr_carea' id='block_1_1' title="bbox 250 543 1480 827">
    <p class='ocr_par' dir='ltr' id='par_1_1' title="bbox 250 543 1480 827">
     <span class='ocr_line' id='line_1_1' title="bbox 408 543 1321 603; baseline -0.005 0"><span class='ocrx_word' id='word_1_1' title='bbox 408 546 778 603; x_wconf 84' lang='lat' dir='ltr'>IEREMIAE</span> <span class='ocrx_word' id='word_1_2' title='bbox 819 543 1218 601; x_wconf 86' lang='lat' dir='ltr'><strong>MARKLAN</strong></span> <span class='ocrx_word' id='word_1_3' title='bbox 1235 544 1321 598; x_wconf 92' lang='lat' dir='ltr'>DI</span> 
     </span>
     <span class='ocr_line' id='line_1_2' title="bbox 707 670 1026 714; baseline -0.006 0"><span class='ocrx_word' id='word_1_4' title='bbox 707 670 1026 714; x_wconf 89' lang='lat' dir='ltr'><strong>PRAEFATIO</strong></span> 
     </span>
     <span class='ocr_line' id='line_1_3' title="bbox 250 782 1480 827; baseline -0.006 0"><span class='ocrx_word' id='word_1_5' title='bbox 250 787 621 827; x_wconf 84' lang='lat' dir='ltr'><strong>CONJECTURIS</strong></span> <span class='ocrx_word' id='word_1_6' title='bbox 652 787 824 826; x_wconf 78' lang='lat' dir='ltr'>1Pslus</span> <span class='ocrx_word' id='word_1_7' title='bbox 853 787 929 825; x_wconf 83' lang='lat' dir='ltr'>An</span> <span class='ocrx_word' id='word_1_8' title='bbox 959 784 1159 824; x_wconf 78' lang='lat' dir='ltr'>LYslAM</span> <span class='ocrx_word' id='word_1_9' title='bbox 1187 782 1480 822; x_wconf 83' lang='lat' dir='ltr'>PRAEMISSA‚</span> 
     </span>
    </p>
   </div>
   <div class='ocr_carea' id='block_1_2' title="bbox 802 905 928 913">
    <p class='ocr_par' dir='ltr' id='par_1_2' title="bbox 802 905 928 913">
     <span class='ocr_line' id='line_1_4' title="bbox 802 905 928 913; baseline 0 -1"><span class='ocrx_word' id='word_1_10' title='bbox 802 905 928 913; x_wconf 72' lang='lat' dir='ltr'>——u</span> 
     </span>
    </p>
   </div>
   <div class='ocr_carea' id='block_1_3' title="bbox 134 987 1605 2272">
    <p class='ocr_par' dir='ltr' id='par_1_3' title="bbox 134 987 1605 2272">
     <span class='ocr_line' id='line_1_5' title="bbox 145 987 1589 1039; baseline -0.004 -8"><span class='ocrx_word' id='word_1_11' title='bbox 145 993 338 1031; x_wconf 80' lang='lat' dir='ltr'>ROGATU</span> <span class='ocrx_word' id='word_1_12' title='bbox 360 990 620 1031; x_wconf 89' lang='lat' dir='ltr'>Eruditissimi</span> <span class='ocrx_word' id='word_1_13' title='bbox 639 989 820 1037; x_wconf 84' lang='lat' dir='ltr'>Editoris‚</span> <span class='ocrx_word' id='word_1_14' title='bbox 837 989 1035 1034; x_wconf 89' lang='lat' dir='ltr'>nonnulla,</span> <span class='ocrx_word' id='word_1_15' title='bbox 1057 1001 1145 1039; x_wconf 87' lang='lat' dir='ltr'>quae</span> <span class='ocrx_word' id='word_1_16' title='bbox 1162 989 1262 1027; x_wconf 88' lang='lat' dir='ltr'>inter</span> <span class='ocrx_word' id='word_1_17' title='bbox 1281 987 1487 1039; x_wconf 86' lang='lat' dir='ltr'>legendum</span> <span class='ocrx_word' id='word_1_18' title='bbox 1503 998 1589 1025; x_wconf 92' lang='lat' dir='ltr'>cor-</span> 
     </span>
     <span class='ocr_line' id='line_1_6' title="bbox 145 1048 1592 1104; baseline -0.005 -12"><span class='ocrx_word' id='word_1_19' title='bbox 145 1053 407 1104; x_wconf 90' lang='lat' dir='ltr'>ruptissimum</span> <span class='ocrx_word' id='word_1_20' title='bbox 427 1053 530 1091; x_wconf 92' lang='lat' dir='ltr'>hunc</span> <span class='ocrx_word' id='word_1_21' title='bbox 546 1055 756 1091; x_wconf 86' lang='lat' dir='ltr'><strong>Auctorem</strong></span> <span class='ocrx_word' id='word_1_22' title='bbox 772 1051 1079 1100; x_wconf 61' lang='lat' dir='ltr'>observavmam,</span> <span class='ocrx_word' id='word_1_23' title='bbox 1101 1050 1138 1088; x_wconf 93' lang='lat' dir='ltr'>in</span> <span class='ocrx_word' id='word_1_24' title='bbox 1154 1050 1223 1087; x_wconf 89' lang='lat' dir='ltr'>has</span> <span class='ocrx_word' id='word_1_25' title='bbox 1243 1049 1406 1087; x_wconf 87' lang='lat' dir='ltr'><strong>schedas</strong></span> <span class='ocrx_word' id='word_1_26' title='bbox 1421 1048 1592 1086; x_wconf 85' lang='lat' dir='ltr'>contuli:</span> 
     </span>
     <span class='ocr_line' id='line_1_7' title="bbox 145 1110 1592 1166; baseline -0.003 -13"><span class='ocrx_word' id='word_1_27' title='bbox 145 1115 283 1166; x_wconf 89' lang='lat' dir='ltr'>raptim</span> <span class='ocrx_word' id='word_1_28' title='bbox 303 1114 476 1165; x_wconf 90' lang='lat' dir='ltr'>quidem,</span> <span class='ocrx_word' id='word_1_29' title='bbox 497 1120 539 1152; x_wconf 89' lang='lat' dir='ltr'>ut</span> <span class='ocrx_word' id='word_1_30' title='bbox 563 1115 628 1165; x_wconf 93' lang='lat' dir='ltr'>qui</span> <span class='ocrx_word' id='word_1_31' title='bbox 657 1127 763 1152; x_wconf 89' lang='lat' dir='ltr'>serus</span> <span class='ocrx_word' id='word_1_32' title='bbox 793 1112 883 1150; x_wconf 88' lang='lat' dir='ltr'>huic</span> <span class='ocrx_word' id='word_1_33' title='bbox 912 1111 1070 1162; x_wconf 84' lang='lat' dir='ltr'>negotio</span> <span class='ocrx_word' id='word_1_34' title='bbox 1099 1111 1340 1149; x_wconf 83' lang='lat' dir='ltr'><strong>accesserim.</strong></span> <span class='ocrx_word' id='word_1_35' title='bbox 1397 1110 1592 1148; x_wconf 85' lang='lat' dir='ltr'>Caeterum</span> 
     </span>
     <span class='ocr_line' id='line_1_8' title="bbox 146 1172 1592 1226; baseline -0.004 -12"><span class='ocrx_word' id='word_1_36' title='bbox 146 1176 338 1222; x_wconf 83' lang='lat' dir='ltr'>brevitati,</span> <span class='ocrx_word' id='word_1_37' title='bbox 355 1181 544 1226; x_wconf 89' lang='lat' dir='ltr'>quantum</span> <span class='ocrx_word' id='word_1_38' title='bbox 560 1188 620 1213; x_wconf 89' lang='lat' dir='ltr'>res</span> <span class='ocrx_word' id='word_1_39' title='bbox 635 1175 798 1221; x_wconf 87' lang='lat' dir='ltr'>sinebat,</span> <span class='ocrx_word' id='word_1_40' title='bbox 814 1172 944 1211; x_wconf 85' lang='lat' dir='ltr'>studui</span> <span class='ocrx_word' id='word_1_41' title='bbox 960 1186 971 1211; x_wconf 73' lang='grc' dir='ltr'><strong><em>ε</em></strong></span> <span class='ocrx_word' id='word_1_42' title='bbox 994 1179 1074 1210; x_wconf 90' lang='lat' dir='ltr'>tum</span> <span class='ocrx_word' id='word_1_43' title='bbox 1096 1185 1142 1210; x_wconf 91' lang='lat' dir='ltr'>ne</span> <span class='ocrx_word' id='word_1_44' title='bbox 1158 1172 1257 1210; x_wconf 85' lang='lat' dir='ltr'>forte</span> <span class='ocrx_word' id='word_1_45' title='bbox 1271 1178 1398 1210; x_wconf 86' lang='lat' dir='ltr'>actum</span> <span class='ocrx_word' id='word_1_46' title='bbox 1415 1184 1566 1222; x_wconf 84' lang='lat' dir='ltr'><strong>agerem</strong></span> <span class='ocrx_word' id='word_1_47' title='bbox 1582 1185 1592 1215; x_wconf 92' lang='lat'>;</span> 
     </span>
     <span class='ocr_line' id='line_1_9' title="bbox 147 1232 1593 1286; baseline -0.004 -11"><span class='ocrx_word' id='word_1_48' title='bbox 147 1245 240 1283; x_wconf 83' lang='lat' dir='ltr'>tum,</span> <span class='ocrx_word' id='word_1_49' title='bbox 256 1237 347 1286; x_wconf 89' lang='lat' dir='ltr'>quia</span> <span class='ocrx_word' id='word_1_50' title='bbox 361 1249 438 1274; x_wconf 90' lang='lat' dir='ltr'>non</span> <span class='ocrx_word' id='word_1_51' title='bbox 451 1242 680 1286; x_wconf 85' lang='lat' dir='ltr'>perpetuum</span> <span class='ocrx_word' id='word_1_52' title='bbox 697 1234 1027 1274; x_wconf 81' lang='lat' dir='ltr'>Commentarium</span> <span class='ocrx_word' id='word_1_53' title='bbox 1044 1233 1258 1284; x_wconf 85' lang='lat' dir='ltr'>scripturus</span> <span class='ocrx_word' id='word_1_54' title='bbox 1275 1246 1392 1279; x_wconf 88' lang='lat' dir='ltr'>eram,</span> <span class='ocrx_word' id='word_1_55' title='bbox 1411 1232 1478 1270; x_wconf 89' lang='lat' dir='ltr'>sed</span> <span class='ocrx_word' id='word_1_56' title='bbox 1495 1233 1593 1270; x_wconf 84' lang='lat' dir='ltr'>Con-</span> 
     </span>
     <span class='ocr_line' id='line_1_10' title="bbox 134 1294 1594 1350; baseline -0.003 -14"><span class='ocrx_word' id='word_1_57' title='bbox 134 1301 325 1350; x_wconf 60' lang='lat' dir='ltr'>ficturus,</span> <span class='ocrx_word' id='word_1_58' title='bbox 347 1311 406 1338; x_wconf 89' lang='lat' dir='ltr'>res</span> <span class='ocrx_word' id='word_1_59' title='bbox 427 1299 508 1337; x_wconf 86' lang='lat' dir='ltr'>sine</span> <span class='ocrx_word' id='word_1_60' title='bbox 528 1299 642 1336; x_wconf 87' lang='lat' dir='ltr'><strong>MSS.</strong></span> <span class='ocrx_word' id='word_1_61' title='bbox 664 1297 890 1348; x_wconf 88' lang='lat' dir='ltr'>plerumque</span> <span class='ocrx_word' id='word_1_62' title='bbox 907 1295 1197 1343; x_wconf 86' lang='lat' dir='ltr'>incertissimas,</span> <span class='ocrx_word' id='word_1_63' title='bbox 1219 1301 1258 1333; x_wconf 87' lang='lat' dir='ltr'>et</span> <span class='ocrx_word' id='word_1_64' title='bbox 1275 1306 1436 1345; x_wconf 88' lang='lat' dir='ltr'>quarum</span> <span class='ocrx_word' id='word_1_65' title='bbox 1451 1294 1594 1344; x_wconf 86' lang='lat' dir='ltr'>proba-</span> 
     </span>
     <span class='ocr_line' id='line_1_11' title="bbox 148 1355 1594 1411; baseline -0.004 -13"><span class='ocrx_word' id='word_1_66' title='bbox 148 1359 287 1398; x_wconf 90' lang='lat' dir='ltr'>bilitati</span> <span class='ocrx_word' id='word_1_67' title='bbox 307 1361 492 1411; x_wconf 90' lang='lat' dir='ltr'>appositis</span> <span class='ocrx_word' id='word_1_68' title='bbox 513 1359 672 1410; x_wconf 85' lang='lat' dir='ltr'>quidem</span> <span class='ocrx_word' id='word_1_69' title='bbox 692 1358 878 1409; x_wconf 84' lang='lat' dir='ltr'>exemplis</span> <span class='ocrx_word' id='word_1_70' title='bbox 898 1358 1077 1403; x_wconf 90' lang='lat' dir='ltr'>multum,</span> <span class='ocrx_word' id='word_1_71' title='bbox 1093 1356 1219 1395; x_wconf 89' lang='lat' dir='ltr'>verbis</span> <span class='ocrx_word' id='word_1_72' title='bbox 1235 1369 1327 1394; x_wconf 88' lang='lat' dir='ltr'>vero</span> <span class='ocrx_word' id='word_1_73' title='bbox 1343 1356 1419 1393; x_wconf 87' lang='lat' dir='ltr'>tuis</span> <span class='ocrx_word' id='word_1_74' title='bbox 1439 1355 1594 1406; x_wconf 90' lang='lat' dir='ltr'>quantis</span> 
     </span>
     <span class='ocr_line' id='line_1_12' title="bbox 144 1417 1596 1473; baseline -0.005 -12"><span class='ocrx_word' id='word_1_75' title='bbox 144 1421 254 1467; x_wconf 86' lang='lat' dir='ltr'>libet,</span> <span class='ocrx_word' id='word_1_76' title='bbox 274 1435 410 1473; x_wconf 88' lang='lat' dir='ltr'>parum</span> <span class='ocrx_word' id='word_1_77' title='bbox 430 1421 681 1460; x_wconf 67' lang='lat' dir='ltr'>adstruxeris</span> <span class='ocrx_word' id='word_1_78' title='bbox 730 1421 828 1458; x_wconf 83' lang='lat' dir='ltr'>Haec</span> <span class='ocrx_word' id='word_1_79' title='bbox 849 1420 980 1470; x_wconf 84' lang='lat' dir='ltr'>itaque</span> <span class='ocrx_word' id='word_1_80' title='bbox 1001 1433 1084 1458; x_wconf 84' lang='lat' dir='ltr'>mea</span> <span class='ocrx_word' id='word_1_81' title='bbox 1103 1419 1156 1457; x_wconf 90' lang='lat' dir='ltr'>ita</span> <span class='ocrx_word' id='word_1_82' title='bbox 1175 1417 1346 1468; x_wconf 87' lang='lat' dir='ltr'>accipias</span> <span class='ocrx_word' id='word_1_83' title='bbox 1361 1423 1468 1468; x_wconf 86' lang='lat' dir='ltr'>peto,</span> <span class='ocrx_word' id='word_1_84' title='bbox 1489 1423 1544 1464; x_wconf 90' lang='lat' dir='ltr'>ut,</span> <span class='ocrx_word' id='word_1_85' title='bbox 1565 1417 1596 1454; x_wconf 87' lang='lat' dir='ltr'>si</span> 
     </span>
     <span class='ocr_line' id='line_1_13' title="bbox 145 1478 1597 1535; baseline -0.004 -13"><span class='ocrx_word' id='word_1_86' title='bbox 145 1483 233 1522; x_wconf 87' lang='lat' dir='ltr'>loca</span> <span class='ocrx_word' id='word_1_87' title='bbox 252 1490 432 1535; x_wconf 87' lang='lat' dir='ltr'>suspecta</span> <span class='ocrx_word' id='word_1_88' title='bbox 451 1497 499 1522; x_wconf 85' lang='lat' dir='ltr'>ex</span> <span class='ocrx_word' id='word_1_89' title='bbox 516 1484 635 1522; x_wconf 87' lang='lat' dir='ltr'><strong>MSS.</strong></span> <span class='ocrx_word' id='word_1_90' title='bbox 656 1483 768 1521; x_wconf 89' lang='lat' dir='ltr'>aliter</span> <span class='ocrx_word' id='word_1_91' title='bbox 789 1482 911 1521; x_wconf 88' lang='lat' dir='ltr'>sanari</span> <span class='ocrx_word' id='word_1_92' title='bbox 930 1481 1091 1533; x_wconf 86' lang='lat' dir='ltr'>possint,</span> <span class='ocrx_word' id='word_1_93' title='bbox 1108 1493 1195 1532; x_wconf 87' lang='lat' dir='ltr'>quae</span> <span class='ocrx_word' id='word_1_94' title='bbox 1213 1480 1292 1518; x_wconf 77' lang='lat' dir='ltr'>dixi</span> <span class='ocrx_word' id='word_1_95' title='bbox 1308 1479 1435 1517; x_wconf 89' lang='lat' dir='ltr'>omnia</span> <span class='ocrx_word' id='word_1_96' title='bbox 1449 1478 1597 1517; x_wconf 81' lang='lat' dir='ltr'>indicta</span> 
     </span>
     <span class='ocr_line' id='line_1_14' title="bbox 146 1542 1597 1595; baseline -0.003 -11"><span class='ocrx_word' id='word_1_97' title='bbox 146 1546 233 1586; x_wconf 89' lang='lat' dir='ltr'>sint.</span> <span class='ocrx_word' id='word_1_98' title='bbox 290 1546 341 1584; x_wconf 87' lang='lat' dir='ltr'>Et</span> <span class='ocrx_word' id='word_1_99' title='bbox 370 1546 402 1584; x_wconf 91' lang='lat' dir='ltr'>si</span> <span class='ocrx_word' id='word_1_100' title='bbox 430 1545 585 1595; x_wconf 91' lang='lat' dir='ltr'>quando</span> <span class='ocrx_word' id='word_1_101' title='bbox 616 1545 831 1583; x_wconf 86' lang='lat' dir='ltr'>Dictatoria</span> <span class='ocrx_word' id='word_1_102' title='bbox 859 1544 945 1591; x_wconf 85' lang='lat' dir='ltr'>ista,</span> <span class='ocrx_word' id='word_1_103' title='bbox 975 1543 1095 1595; x_wconf 84' lang='lat' dir='ltr'><em>Lege,</em></span> <span class='ocrx_word' id='word_1_104' title='bbox 1123 1543 1183 1581; x_wconf 87' lang='lat' dir='ltr'>vel</span> <span class='ocrx_word' id='word_1_105' title='bbox 1205 1542 1347 1588; x_wconf 75' lang='lat' dir='ltr'>Scribe,</span> <span class='ocrx_word' id='word_1_106' title='bbox 1379 1546 1597 1588; x_wconf 83' lang='lat' dir='ltr'>occurrant,</span> 
     </span>
     <span class='ocr_line' id='line_1_15' title="bbox 148 1604 1567 1658; baseline -0.004 -12"><span class='ocrx_word' id='word_1_107' title='bbox 148 1608 247 1646; x_wconf 91' lang='lat' dir='ltr'>scito</span> <span class='ocrx_word' id='word_1_108' title='bbox 266 1621 325 1646; x_wconf 91' lang='lat' dir='ltr'>me</span> <span class='ocrx_word' id='word_1_109' title='bbox 345 1607 439 1646; x_wconf 88' lang='lat' dir='ltr'>nihil</span> <span class='ocrx_word' id='word_1_110' title='bbox 458 1608 561 1646; x_wconf 86' lang='lat' dir='ltr'>aliud</span> <span class='ocrx_word' id='word_1_111' title='bbox 584 1608 696 1651; x_wconf 87' lang='lat' dir='ltr'>velle,</span> <span class='ocrx_word' id='word_1_112' title='bbox 715 1619 832 1657; x_wconf 89' lang='lat' dir='ltr'>quam</span> <span class='ocrx_word' id='word_1_113' title='bbox 854 1605 972 1644; x_wconf 75' lang='lat' dir='ltr'>Forte</span> <span class='ocrx_word' id='word_1_114' title='bbox 993 1605 1212 1658; x_wconf 79' lang='lat' dir='ltr'>legendum,</span> <span class='ocrx_word' id='word_1_115' title='bbox 1235 1605 1294 1643; x_wconf 92' lang='lat' dir='ltr'>vel</span> <span class='ocrx_word' id='word_1_116' title='bbox 1313 1604 1567 1643; x_wconf 75' lang='lat' dir='ltr'>scribendum.</span> 
     </span>
     <span class='ocr_line' id='line_1_16' title="bbox 202 1666 1596 1718; baseline -0.003 -11"><span class='ocrx_word' id='word_1_117' title='bbox 202 1669 260 1707; x_wconf 91' lang='lat' dir='ltr'>Eo</span> <span class='ocrx_word' id='word_1_118' title='bbox 280 1682 370 1707; x_wconf 91' lang='lat' dir='ltr'>vero</span> <span class='ocrx_word' id='word_1_119' title='bbox 395 1669 591 1707; x_wconf 84' lang='lat' dir='ltr'>lubentius</span> <span class='ocrx_word' id='word_1_120' title='bbox 611 1669 686 1706; x_wconf 90' lang='lat' dir='ltr'>hoc</span> <span class='ocrx_word' id='word_1_121' title='bbox 706 1681 804 1718; x_wconf 89' lang='lat' dir='ltr'>opus</span> <span class='ocrx_word' id='word_1_122' title='bbox 825 1667 993 1718; x_wconf 86' lang='lat' dir='ltr'>suscepi,</span> <span class='ocrx_word' id='word_1_123' title='bbox 1015 1666 1120 1717; x_wconf 92' lang='lat' dir='ltr'>quod</span> <span class='ocrx_word' id='word_1_124' title='bbox 1141 1666 1325 1704; x_wconf 89' lang='lat' dir='ltr'>nonnulla</span> <span class='ocrx_word' id='word_1_125' title='bbox 1356 1666 1596 1704; x_wconf 77' lang='lat' dir='ltr'>animadver-</span> 
     </span>
     <span class='ocr_line' id='line_1_17' title="bbox 149 1726 1599 1782; baseline -0.003 -13"><span class='ocrx_word' id='word_1_126' title='bbox 149 1728 268 1769; x_wconf 80' lang='lat' dir='ltr'>teram</span> <span class='ocrx_word' id='word_1_127' title='bbox 288 1731 326 1768; x_wconf 91' lang='lat' dir='ltr'>in</span> <span class='ocrx_word' id='word_1_128' title='bbox 346 1730 475 1782; x_wconf 85' lang='lat' dir='ltr'>Lysia,</span> <span class='ocrx_word' id='word_1_129' title='bbox 496 1730 669 1768; x_wconf 90' lang='lat' dir='ltr'>nondum</span> <span class='ocrx_word' id='word_1_130' title='bbox 695 1730 743 1767; x_wconf 90' lang='lat' dir='ltr'>ab</span> <span class='ocrx_word' id='word_1_131' title='bbox 770 1729 865 1776; x_wconf 88' lang='lat' dir='ltr'>aliis,</span> <span class='ocrx_word' id='word_1_132' title='bbox 894 1728 1000 1779; x_wconf 89' lang='lat' dir='ltr'>quod</span> <span class='ocrx_word' id='word_1_133' title='bbox 1032 1730 1167 1774; x_wconf 83' lang='lat' dir='ltr'>seiam,</span> <span class='ocrx_word' id='word_1_134' title='bbox 1191 1727 1354 1778; x_wconf 85' lang='lat' dir='ltr'>prolata,</span> <span class='ocrx_word' id='word_1_135' title='bbox 1381 1740 1470 1777; x_wconf 84' lang='lat' dir='ltr'>quae</span> <span class='ocrx_word' id='word_1_136' title='bbox 1497 1726 1599 1764; x_wconf 87' lang='lat' dir='ltr'>Novi</span> 
     </span>
     <span class='ocr_line' id='line_1_18' title="bbox 151 1789 1600 1840; baseline -0.003 -10"><span class='ocrx_word' id='word_1_137' title='bbox 151 1792 319 1830; x_wconf 86' lang='lat' dir='ltr'>Foederis</span> <span class='ocrx_word' id='word_1_138' title='bbox 339 1792 481 1830; x_wconf 86' lang='lat' dir='ltr'>Textui</span> <span class='ocrx_word' id='word_1_139' title='bbox 497 1798 535 1830; x_wconf 91' lang='lat' dir='ltr'>et</span> <span class='ocrx_word' id='word_1_140' title='bbox 549 1791 760 1830; x_wconf 87' lang='lat' dir='ltr'>Phrasibus</span> <span class='ocrx_word' id='word_1_141' title='bbox 782 1790 1017 1829; x_wconf 83' lang='lat' dir='ltr'>illustrandis</span> <span class='ocrx_word' id='word_1_142' title='bbox 1038 1790 1219 1828; x_wconf 87' lang='lat' dir='ltr'>inservire</span> <span class='ocrx_word' id='word_1_143' title='bbox 1236 1802 1349 1840; x_wconf 88' lang='lat' dir='ltr'>posse</span> <span class='ocrx_word' id='word_1_144' title='bbox 1371 1789 1600 1827; x_wconf 85' lang='lat' dir='ltr'>existimavi.</span> 
     </span>
     <span class='ocr_line' id='line_1_19' title="bbox 150 1850 1601 1905; baseline -0.003 -14"><span class='ocrx_word' id='word_1_145' title='bbox 150 1854 248 1892; x_wconf 87' lang='lat' dir='ltr'>Haec</span> <span class='ocrx_word' id='word_1_146' title='bbox 268 1853 398 1905; x_wconf 90' lang='lat' dir='ltr'>igitur,</span> <span class='ocrx_word' id='word_1_147' title='bbox 418 1858 532 1903; x_wconf 91' lang='lat' dir='ltr'>prout</span> <span class='ocrx_word' id='word_1_148' title='bbox 553 1853 784 1903; x_wconf 87' lang='lat' dir='ltr'>suppetebat</span> <span class='ocrx_word' id='word_1_149' title='bbox 801 1851 996 1898; x_wconf 88' lang='lat' dir='ltr'>memoria,</span> <span class='ocrx_word' id='word_1_150' title='bbox 1023 1852 1196 1901; x_wconf 85' lang='lat' dir='ltr'>protuli:</span> <span class='ocrx_word' id='word_1_151' title='bbox 1228 1863 1305 1887; x_wconf 90' lang='lat' dir='ltr'>non</span> <span class='ocrx_word' id='word_1_152' title='bbox 1336 1857 1378 1888; x_wconf 87' lang='lat' dir='ltr'>ut</span> <span class='ocrx_word' id='word_1_153' title='bbox 1406 1864 1452 1887; x_wconf 84' lang='lat' dir='ltr'>ex</span> <span class='ocrx_word' id='word_1_154' title='bbox 1479 1850 1601 1887; x_wconf 87' lang='lat' dir='ltr'>Paulo</span> 
     </span>
     <span class='ocr_line' id='line_1_20' title="bbox 150 1911 1602 1965; baseline -0.004 -12"><span class='ocrx_word' id='word_1_155' title='bbox 150 1915 209 1953; x_wconf 91' lang='lat' dir='ltr'>vel</span> <span class='ocrx_word' id='word_1_156' title='bbox 230 1914 340 1953; x_wconf 86' lang='lat' dir='ltr'>Luca</span> <span class='ocrx_word' id='word_1_157' title='bbox 362 1913 515 1965; x_wconf 83' lang='lat' dir='ltr'>Lysiam</span> <span class='ocrx_word' id='word_1_158' title='bbox 543 1913 646 1950; x_wconf 79' lang='lat' dir='ltr'>Bene</span> <span class='ocrx_word' id='word_1_159' title='bbox 667 1912 880 1963; x_wconf 82' lang='lat' dir='ltr'>scripsisse,</span> <span class='ocrx_word' id='word_1_160' title='bbox 906 1911 970 1950; x_wconf 90' lang='lat' dir='ltr'>sed</span> <span class='ocrx_word' id='word_1_161' title='bbox 991 1918 1032 1950; x_wconf 90' lang='lat' dir='ltr'>ut</span> <span class='ocrx_word' id='word_1_162' title='bbox 1052 1925 1098 1950; x_wconf 89' lang='lat' dir='ltr'>ex</span> <span class='ocrx_word' id='word_1_163' title='bbox 1126 1911 1242 1963; x_wconf 82' lang='lat' dir='ltr'>Lysia</span> <span class='ocrx_word' id='word_1_164' title='bbox 1260 1911 1422 1948; x_wconf 88' lang='lat' dir='ltr'>Paulum</span> <span class='ocrx_word' id='word_1_165' title='bbox 1443 1911 1503 1948; x_wconf 89' lang='lat' dir='ltr'>vel</span> <span class='ocrx_word' id='word_1_166' title='bbox 1524 1911 1602 1948; x_wconf 93' lang='lat' dir='ltr'>Lu-</span> 
     </span>
     <span class='ocr_line' id='line_1_21' title="bbox 149 1971 1601 2026; baseline -0.003 -12"><span class='ocrx_word' id='word_1_167' title='bbox 149 1988 235 2014; x_wconf 88' lang='lat' dir='ltr'>cam</span> <span class='ocrx_word' id='word_1_168' title='bbox 253 1987 332 2013; x_wconf 79' lang='lat' dir='ltr'>non</span> <span class='ocrx_word' id='word_1_169' title='bbox 350 1974 474 2021; x_wconf 78' lang='lat' dir='ltr'>Male,</span> <span class='ocrx_word' id='word_1_170' title='bbox 494 1975 712 2026; x_wconf 87' lang='lat' dir='ltr'>probarem.</span> <span class='ocrx_word' id='word_1_171' title='bbox 770 1974 1030 2024; x_wconf 84' lang='lat' dir='ltr'>Conjecturas</span> <span class='ocrx_word' id='word_1_172' title='bbox 1050 1986 1209 2023; x_wconf 88' lang='lat' dir='ltr'>quoque</span> <span class='ocrx_word' id='word_1_173' title='bbox 1231 1985 1385 2023; x_wconf 85' lang='lat' dir='ltr'>paucas,</span> <span class='ocrx_word' id='word_1_174' title='bbox 1404 1971 1494 2009; x_wconf 80' lang='lat' dir='ltr'>data</span> <span class='ocrx_word' id='word_1_175' title='bbox 1509 1973 1601 2020; x_wconf 85' lang='lat' dir='ltr'>(vel,</span> 
     </span>
     <span class='ocr_line' id='line_1_22' title="bbox 150 2034 1602 2087; baseline -0.003 -12"><span class='ocrx_word' id='word_1_176' title='bbox 150 2037 180 2075; x_wconf 91' lang='lat' dir='ltr'>si</span> <span class='ocrx_word' id='word_1_177' title='bbox 201 2037 307 2084; x_wconf 88' lang='lat' dir='ltr'>velis,</span> <span class='ocrx_word' id='word_1_178' title='bbox 328 2036 509 2087; x_wconf 89' lang='lat' dir='ltr'>quaesita)</span> <span class='ocrx_word' id='word_1_179' title='bbox 526 2036 746 2082; x_wconf 85' lang='lat' dir='ltr'>occasione,</span> <span class='ocrx_word' id='word_1_180' title='bbox 777 2038 816 2073; x_wconf 92' lang='lat' dir='ltr'>in</span> <span class='ocrx_word' id='word_1_181' title='bbox 844 2036 930 2073; x_wconf 85' lang='lat' dir='ltr'>loca</span> <span class='ocrx_word' id='word_1_182' title='bbox 951 2034 1002 2072; x_wconf 93' lang='lat' dir='ltr'>N.</span> <span class='ocrx_word' id='word_1_183' title='bbox 1025 2036 1066 2073; x_wconf 83' lang='lat' dir='ltr'>F.</span> <span class='ocrx_word' id='word_1_184' title='bbox 1088 2048 1176 2085; x_wconf 90' lang='lat' dir='ltr'>quae</span> <span class='ocrx_word' id='word_1_185' title='bbox 1194 2034 1286 2072; x_wconf 90' lang='lat' dir='ltr'>mihi</span> <span class='ocrx_word' id='word_1_186' title='bbox 1301 2040 1480 2085; x_wconf 86' lang='lat' dir='ltr'>suspecta</span> <span class='ocrx_word' id='word_1_187' title='bbox 1500 2039 1602 2080; x_wconf 86' lang='lat' dir='ltr'>sunt,</span> 
     </span>
     <span class='ocr_line' id='line_1_23' title="bbox 151 2094 1603 2148; baseline -0.002 -12"><span class='ocrx_word' id='word_1_188' title='bbox 151 2097 362 2136; x_wconf 87' lang='lat' dir='ltr'>immiscui:</span> <span class='ocrx_word' id='word_1_189' title='bbox 397 2111 493 2148; x_wconf 85' lang='lat' dir='ltr'>quas</span> <span class='ocrx_word' id='word_1_190' title='bbox 516 2097 676 2147; x_wconf 85' lang='lat' dir='ltr'>judiciis</span> <span class='ocrx_word' id='word_1_191' title='bbox 705 2097 955 2142; x_wconf 86' lang='lat' dir='ltr'>eruditorum,</span> <span class='ocrx_word' id='word_1_192' title='bbox 976 2096 1043 2147; x_wconf 90' lang='lat' dir='ltr'>qui</span> <span class='ocrx_word' id='word_1_193' title='bbox 1064 2097 1103 2134; x_wconf 92' lang='lat' dir='ltr'>in</span> <span class='ocrx_word' id='word_1_194' title='bbox 1123 2096 1206 2135; x_wconf 89' lang='lat' dir='ltr'>istis</span> <span class='ocrx_word' id='word_1_195' title='bbox 1227 2097 1353 2135; x_wconf 86' lang='lat' dir='ltr'>Sacris</span> <span class='ocrx_word' id='word_1_196' title='bbox 1382 2094 1603 2134; x_wconf 82' lang='lat' dir='ltr'>accuratius</span> 
     </span>
     <span class='ocr_line' id='line_1_24' title="bbox 151 2158 1603 2213; baseline -0.002 -15"><span class='ocrx_word' id='word_1_197' title='bbox 151 2160 290 2198; x_wconf 88' lang='lat' dir='ltr'>versati</span> <span class='ocrx_word' id='word_1_198' title='bbox 310 2165 413 2210; x_wconf 83' lang='lat' dir='ltr'>sunt,</span> <span class='ocrx_word' id='word_1_199' title='bbox 433 2159 634 2211; x_wconf 78' lang='lat' dir='ltr'>permitto,</span> <span class='ocrx_word' id='word_1_200' title='bbox 654 2173 700 2198; x_wconf 89' lang='lat' dir='ltr'>ea</span> <span class='ocrx_word' id='word_1_201' title='bbox 723 2159 910 2197; x_wconf 89' lang='lat' dir='ltr'>modestia</span> <span class='ocrx_word' id='word_1_202' title='bbox 929 2164 969 2196; x_wconf 89' lang='lat' dir='ltr'>et</span> <span class='ocrx_word' id='word_1_203' title='bbox 989 2159 1123 2213; x_wconf 75' lang='grc' dir='ltr'>ἐποχῇ,</span> <span class='ocrx_word' id='word_1_204' title='bbox 1144 2172 1232 2209; x_wconf 85' lang='lat' dir='ltr'>quae</span> <span class='ocrx_word' id='word_1_205' title='bbox 1251 2158 1418 2196; x_wconf 89' lang='lat' dir='ltr'>debetur</span> <span class='ocrx_word' id='word_1_206' title='bbox 1437 2162 1514 2200; x_wconf 79' lang='grc' dir='ltr'><em>τοῖς</em></span> <span class='ocrx_word' id='word_1_207' title='bbox 1540 2160 1603 2194; x_wconf 87' lang='grc' dir='ltr'>λο-</span> 
     </span>
     <span class='ocr_line' id='line_1_25' title="bbox 152 2219 1605 2272; baseline -0.001 -14"><span class='ocrx_word' id='word_1_208' title='bbox 152 2222 251 2270; x_wconf 76' lang='grc' dir='ltr'><em>γίοις</em></span> <span class='ocrx_word' id='word_1_209' title='bbox 268 2226 330 2258; x_wconf 84' lang='grc' dir='ltr'>τοῦ</span> <span class='ocrx_word' id='word_1_210' title='bbox 349 2220 456 2260; x_wconf 84' lang='grc' dir='ltr'><strong>Θεοῦ.</strong></span> <span class='ocrx_word' id='word_1_211' title='bbox 512 2220 673 2272; x_wconf 76' lang='lat' dir='ltr'>Aptior,</span> <span class='ocrx_word' id='word_1_212' title='bbox 693 2221 793 2259; x_wconf 84' lang='lat' dir='ltr'>forte</span> <span class='ocrx_word' id='word_1_213' title='bbox 813 2221 976 2271; x_wconf 89' lang='lat' dir='ltr'>inquies,</span> <span class='ocrx_word' id='word_1_214' title='bbox 997 2220 1217 2271; x_wconf 79' lang='lat' dir='ltr'>hujusmodi</span> <span class='ocrx_word' id='word_1_215' title='bbox 1235 2220 1347 2258; x_wconf 75' lang='lat' dir='ltr'>rebus</span> <span class='ocrx_word' id='word_1_216' title='bbox 1365 2219 1605 2257; x_wconf 71' lang='lat' dir='ltr'>inveniretur</span> 
     </span>
    </p>
   </div>
   <div class='ocr_carea' id='block_1_4' title="bbox 151 2280 1605 2394">
    <p class='ocr_par' dir='ltr' id='par_1_4' title="bbox 151 2280 1605 2394">
     <span class='ocr_line' id='line_1_26' title="bbox 151 2280 1605 2333; baseline -0.001 -13"><span class='ocrx_word' id='word_1_217' title='bbox 151 2282 269 2321; x_wconf 82' lang='lat' dir='ltr'>locus.</span> <span class='ocrx_word' id='word_1_218' title='bbox 325 2282 424 2326; x_wconf 84' lang='lat' dir='ltr'>Quae</span> <span class='ocrx_word' id='word_1_219' title='bbox 453 2282 639 2331; x_wconf 89' lang='lat' dir='ltr'>objectio,</span> <span class='ocrx_word' id='word_1_220' title='bbox 669 2288 710 2321; x_wconf 85' lang='lat' dir='ltr'>ut</span> <span class='ocrx_word' id='word_1_221' title='bbox 735 2282 834 2321; x_wconf 81' lang='lat' dir='ltr'>forte</span> <span class='ocrx_word' id='word_1_222' title='bbox 870 2295 946 2320; x_wconf 92' lang='lat' dir='ltr'>non</span> <span class='ocrx_word' id='word_1_223' title='bbox 973 2282 1240 2333; x_wconf 84' lang='lat' dir='ltr'>improbabilis</span> <span class='ocrx_word' id='word_1_224' title='bbox 1273 2288 1346 2326; x_wconf 87' lang='lat' dir='ltr'>est,</span> <span class='ocrx_word' id='word_1_225' title='bbox 1382 2280 1434 2318; x_wconf 83' lang='lat' dir='ltr'>ita</span> <span class='ocrx_word' id='word_1_226' title='bbox 1466 2281 1605 2326; x_wconf 83' lang='lat' dir='ltr'>valeat,</span> 
     </span>
     <span class='ocr_line' id='line_1_27' title="bbox 155 2345 651 2394; baseline -0.002 -12"><span class='ocrx_word' id='word_1_227' title='bbox 155 2349 341 2394; x_wconf 89' lang='lat' dir='ltr'>quantum</span> <span class='ocrx_word' id='word_1_228' title='bbox 363 2345 488 2381; x_wconf 85' lang='lat' dir='ltr'>valere</span> <span class='ocrx_word' id='word_1_229' title='bbox 509 2350 651 2394; x_wconf 84' lang='lat' dir='ltr'>potest.</span> 
     </span>
    </p>
   </div>
   <div class='ocr_carea' id='block_1_5' title="bbox 154 2404 1613 3008">
    <p class='ocr_par' dir='ltr' id='par_1_5' title="bbox 154 2404 1613 3008">
     <span class='ocr_line' id='line_1_28' title="bbox 207 2404 1604 2453; baseline -0.002 -10"><span class='ocrx_word' id='word_1_230' title='bbox 207 2405 291 2443; x_wconf 84' lang='lat' dir='ltr'>Has</span> <span class='ocrx_word' id='word_1_231' title='bbox 322 2404 529 2443; x_wconf 83' lang='lat' dir='ltr'>Orationes</span> <span class='ocrx_word' id='word_1_232' title='bbox 549 2405 714 2442; x_wconf 88' lang='lat' dir='ltr'>Scholiis</span> <span class='ocrx_word' id='word_1_233' title='bbox 750 2405 943 2449; x_wconf 90' lang='lat' dir='ltr'>brevibus,</span> <span class='ocrx_word' id='word_1_234' title='bbox 979 2418 1045 2442; x_wconf 84' lang='lat' dir='ltr'>seu</span> <span class='ocrx_word' id='word_1_235' title='bbox 1076 2404 1312 2453; x_wconf 89' lang='lat' dir='ltr'>conjecturis</span> <span class='ocrx_word' id='word_1_236' title='bbox 1342 2404 1383 2441; x_wconf 88' lang='lat' dir='ltr'>in</span> <span class='ocrx_word' id='word_1_237' title='bbox 1414 2404 1499 2441; x_wconf 83' lang='lat' dir='ltr'>loca</span> <span class='ocrx_word' id='word_1_238' title='bbox 1536 2404 1604 2440; x_wconf 87' lang='lat' dir='ltr'>ali-</span> 
     </span>
     <span class='ocr_line' id='line_1_29' title="bbox 154 2464 1605 2518; baseline -0.001 -14"><span class='ocrx_word' id='word_1_239' title='bbox 154 2472 265 2518; x_wconf 84' lang='lat' dir='ltr'>quot,</span> <span class='ocrx_word' id='word_1_240' title='bbox 286 2467 480 2506; x_wconf 84' lang='lat' dir='ltr'>illustrant</span> <span class='ocrx_word' id='word_1_241' title='bbox 510 2465 588 2503; x_wconf 86' lang='lat' dir='ltr'>duo</span> <span class='ocrx_word' id='word_1_242' title='bbox 611 2466 690 2503; x_wconf 91' lang='lat' dir='ltr'>Viri</span> <span class='ocrx_word' id='word_1_243' title='bbox 720 2466 985 2513; x_wconf 84' lang='lat' dir='ltr'>Celeberrimi‚</span> <span class='ocrx_word' id='word_1_244' title='bbox 1008 2466 1131 2504; x_wconf 87' lang='lat' dir='ltr'>Henr.</span> <span class='ocrx_word' id='word_1_245' title='bbox 1163 2465 1401 2516; x_wconf 87' lang='lat' dir='ltr'>Stephanus,</span> <span class='ocrx_word' id='word_1_246' title='bbox 1424 2472 1463 2503; x_wconf 88' lang='lat' dir='ltr'>et</span> <span class='ocrx_word' id='word_1_247' title='bbox 1481 2464 1605 2502; x_wconf 80' lang='lat' dir='ltr'>Andr.</span> 
     </span>
     <span class='ocr_line' id='line_1_30' title="bbox 154 2526 1607 2578; baseline -0.002 -12"><span class='ocrx_word' id='word_1_248' title='bbox 154 2528 342 2566; x_wconf 90' lang='lat' dir='ltr'>Schottus</span> <span class='ocrx_word' id='word_1_249' title='bbox 362 2528 672 2578; x_wconf 87' lang='lat' dir='ltr'>Antverpiensis‚</span> <span class='ocrx_word' id='word_1_250' title='bbox 695 2541 715 2565; x_wconf 93' lang='lat' dir='ltr'>e</span> <span class='ocrx_word' id='word_1_251' title='bbox 745 2529 834 2566; x_wconf 89' lang='lat' dir='ltr'>Soc.</span> <span class='ocrx_word' id='word_1_252' title='bbox 867 2528 986 2567; x_wconf 84' lang='lat' dir='ltr'>Jesu:</span> <span class='ocrx_word' id='word_1_253' title='bbox 1019 2527 1105 2574; x_wconf 86' lang='lat' dir='ltr'>Ille,</span> <span class='ocrx_word' id='word_1_254' title='bbox 1135 2527 1184 2565; x_wconf 89' lang='lat' dir='ltr'>ad</span> <span class='ocrx_word' id='word_1_255' title='bbox 1217 2528 1425 2578; x_wconf 85' lang='lat' dir='ltr'>marginem</span> <span class='ocrx_word' id='word_1_256' title='bbox 1459 2526 1607 2576; x_wconf 61' lang='lat' dir='ltr'>pulcrae</span> 
     </span>
     <span class='ocr_line' id='line_1_31' title="bbox 157 2588 1608 2639; baseline -0.003 -11"><span class='ocrx_word' id='word_1_257' title='bbox 157 2603 236 2628; x_wconf 84' lang='lat' dir='ltr'>suae</span> <span class='ocrx_word' id='word_1_258' title='bbox 258 2589 449 2628; x_wconf 87' lang='lat' dir='ltr'>Editionis</span> <span class='ocrx_word' id='word_1_259' title='bbox 473 2590 681 2628; x_wconf 81' lang='lat' dir='ltr'>oratorum</span> <span class='ocrx_word' id='word_1_260' title='bbox 703 2589 903 2635; x_wconf 86' lang='lat' dir='ltr'>Veterum,</span> <span class='ocrx_word' id='word_1_261' title='bbox 928 2589 1049 2627; x_wconf 81' lang='lat' dir='ltr'>Paris.</span> <span class='ocrx_word' id='word_1_262' title='bbox 1076 2593 1193 2629; x_wconf 84' lang='lat'>1575.</span> <span class='ocrx_word' id='word_1_263' title='bbox 1217 2602 1333 2639; x_wconf 87' lang='lat' dir='ltr'>quam</span> <span class='ocrx_word' id='word_1_264' title='bbox 1354 2589 1393 2626; x_wconf 92' lang='lat' dir='ltr'>in</span> <span class='ocrx_word' id='word_1_265' title='bbox 1413 2588 1472 2626; x_wconf 84' lang='lat' dir='ltr'>his</span> <span class='ocrx_word' id='word_1_266' title='bbox 1494 2588 1608 2625; x_wconf 85' lang='lat' dir='ltr'>Notis</span> 
     </span>
     <span class='ocr_line' id='line_1_32' title="bbox 158 2648 1609 2701; baseline -0.003 -12"><span class='ocrx_word' id='word_1_267' title='bbox 158 2663 323 2701; x_wconf 87' lang='lat' dir='ltr'>sequor:</span> <span class='ocrx_word' id='word_1_268' title='bbox 354 2651 445 2695; x_wconf 86' lang='lat' dir='ltr'>Hic,</span> <span class='ocrx_word' id='word_1_269' title='bbox 467 2651 514 2688; x_wconf 90' lang='lat' dir='ltr'>ad</span> <span class='ocrx_word' id='word_1_270' title='bbox 536 2651 681 2689; x_wconf 82' lang='lat' dir='ltr'>calcem</span> <span class='ocrx_word' id='word_1_271' title='bbox 703 2650 913 2697; x_wconf 89' lang='lat' dir='ltr'>Editionis,</span> <span class='ocrx_word' id='word_1_272' title='bbox 935 2663 1050 2701; x_wconf 87' lang='lat' dir='ltr'>quam</span> <span class='ocrx_word' id='word_1_273' title='bbox 1068 2663 1155 2688; x_wconf 89' lang='lat' dir='ltr'>cum</span> <span class='ocrx_word' id='word_1_274' title='bbox 1170 2650 1357 2688; x_wconf 81' lang='lat' dir='ltr'>Versione</span> <span class='ocrx_word' id='word_1_275' title='bbox 1377 2663 1445 2688; x_wconf 83' lang='lat' dir='ltr'>sua</span> <span class='ocrx_word' id='word_1_276' title='bbox 1460 2648 1609 2698; x_wconf 90' lang='lat' dir='ltr'>publici</span> 
     </span>
     <span class='ocr_line' id='line_1_33' title="bbox 154 2710 1610 2762; baseline -0.002 -12"><span class='ocrx_word' id='word_1_277' title='bbox 154 2712 255 2762; x_wconf 86' lang='lat' dir='ltr'>juris</span> <span class='ocrx_word' id='word_1_278' title='bbox 276 2712 366 2751; x_wconf 86' lang='lat' dir='ltr'>fecit</span> <span class='ocrx_word' id='word_1_279' title='bbox 387 2712 555 2750; x_wconf 86' lang='lat' dir='ltr'>Iodocus</span> <span class='ocrx_word' id='word_1_280' title='bbox 579 2711 890 2751; x_wconf 83' lang='lat' dir='ltr'>Vanderheidius</span> <span class='ocrx_word' id='word_1_281' title='bbox 912 2712 1147 2758; x_wconf 87' lang='lat' dir='ltr'>Brabantus,</span> <span class='ocrx_word' id='word_1_282' title='bbox 1177 2711 1367 2750; x_wconf 82' lang='lat' dir='ltr'>Hanoviae</span> <span class='ocrx_word' id='word_1_283' title='bbox 1398 2714 1515 2749; x_wconf 83' lang='lat'>1615.</span> <span class='ocrx_word' id='word_1_284' title='bbox 1560 2710 1610 2747; x_wconf 89' lang='lat' dir='ltr'>Et</span> 
     </span>
     <span class='ocr_line' id='line_1_34' title="bbox 158 2770 1609 2825; baseline -0.003 -13"><span class='ocrx_word' id='word_1_285' title='bbox 158 2774 379 2825; x_wconf 83' lang='lat' dir='ltr'>Stephanus</span> <span class='ocrx_word' id='word_1_286' title='bbox 401 2774 554 2824; x_wconf 84' lang='lat' dir='ltr'>quidem</span> <span class='ocrx_word' id='word_1_287' title='bbox 574 2774 609 2811; x_wconf 93' lang='lat' dir='ltr'>in</span> <span class='ocrx_word' id='word_1_288' title='bbox 633 2774 706 2812; x_wconf 91' lang='lat' dir='ltr'>hoc</span> <span class='ocrx_word' id='word_1_289' title='bbox 736 2786 852 2824; x_wconf 87' lang='lat' dir='ltr'>opere</span> <span class='ocrx_word' id='word_1_290' title='bbox 881 2772 1046 2812; x_wconf 87' lang='lat' dir='ltr'>feliciter</span> <span class='ocrx_word' id='word_1_291' title='bbox 1078 2773 1321 2824; x_wconf 84' lang='lat' dir='ltr'>plerumque,</span> <span class='ocrx_word' id='word_1_292' title='bbox 1354 2778 1397 2810; x_wconf 87' lang='lat' dir='ltr'>nt</span> <span class='ocrx_word' id='word_1_293' title='bbox 1428 2783 1508 2809; x_wconf 81' lang='lat' dir='ltr'>mea</span> <span class='ocrx_word' id='word_1_294' title='bbox 1537 2770 1609 2808; x_wconf 88' lang='lat' dir='ltr'>sert</span> 
     </span>
     <span class='ocr_line' id='line_1_35' title="bbox 158 2832 1610 2885; baseline -0.003 -13"><span class='ocrx_word' id='word_1_295' title='bbox 158 2834 303 2885; x_wconf 89' lang='lat' dir='ltr'>opinio,</span> <span class='ocrx_word' id='word_1_296' title='bbox 324 2840 494 2872; x_wconf 84' lang='lat' dir='ltr'>versatus</span> <span class='ocrx_word' id='word_1_297' title='bbox 515 2840 585 2872; x_wconf 83' lang='lat' dir='ltr'>est.</span> <span class='ocrx_word' id='word_1_298' title='bbox 644 2835 703 2873; x_wconf 86' lang='lat' dir='ltr'>De</span> <span class='ocrx_word' id='word_1_299' title='bbox 726 2835 874 2873; x_wconf 82' lang='lat' dir='ltr'>Schotti</span> <span class='ocrx_word' id='word_1_300' title='bbox 893 2835 1143 2884; x_wconf 84' lang='lat' dir='ltr'>(doctissimi,</span> <span class='ocrx_word' id='word_1_301' title='bbox 1174 2842 1225 2881; x_wconf 80' lang='lat' dir='ltr'>et,</span> <span class='ocrx_word' id='word_1_302' title='bbox 1255 2833 1359 2884; x_wconf 86' lang='lat' dir='ltr'>quod</span> <span class='ocrx_word' id='word_1_303' title='bbox 1392 2832 1509 2869; x_wconf 89' lang='lat' dir='ltr'>multo</span> <span class='ocrx_word' id='word_1_304' title='bbox 1540 2845 1610 2882; x_wconf 55' lang='lat' dir='ltr'>pm</span> 
     </span>
     <span class='ocr_line' id='line_1_36' title="bbox 160 2889 1613 2944; baseline -0.001 -12"><span class='ocrx_word' id='word_1_305' title='bbox 160 2895 234 2932; x_wconf 75' lang='lat' dir='ltr'>tius</span> <span class='ocrx_word' id='word_1_306' title='bbox 257 2901 328 2941; x_wconf 84' lang='lat' dir='ltr'>cst,</span> <span class='ocrx_word' id='word_1_307' title='bbox 350 2896 610 2934; x_wconf 71' lang='lat' dir='ltr'>humanissimi</span> <span class='ocrx_word' id='word_1_308' title='bbox 625 2895 722 2944; x_wconf 72' lang='lat' dir='ltr'>Viri)</span> <span class='ocrx_word' id='word_1_309' title='bbox 745 2898 827 2934; x_wconf 80' lang='lat' dir='ltr'>sive</span> <span class='ocrx_word' id='word_1_310' title='bbox 847 2895 1123 2942; x_wconf 80' lang='lat' dir='ltr'>Festinatioue,</span> <span class='ocrx_word' id='word_1_311' title='bbox 1144 2895 1219 2933; x_wconf 82' lang='lat' dir='ltr'>sive</span> <span class='ocrx_word' id='word_1_312' title='bbox 1239 2889 1383 2932; x_wconf 84' lang='lat' dir='ltr'>Mentis</span> <span class='ocrx_word' id='word_1_313' title='bbox 1401 2892 1613 2931; x_wconf 63' lang='lat' dir='ltr'>intentioni=</span> 
     </span>
     <span class='ocr_line' id='line_1_37' title="bbox 160 2954 1610 3008; baseline -0.001 -15"><span class='ocrx_word' id='word_1_314' title='bbox 160 2955 340 2995; x_wconf 83' lang='lat' dir='ltr'>aliorsum</span> <span class='ocrx_word' id='word_1_315' title='bbox 374 2969 496 3003; x_wconf 81' lang='lat' dir='ltr'>versa,</span> <span class='ocrx_word' id='word_1_316' title='bbox 529 2964 586 2996; x_wconf 86' lang='lat' dir='ltr'>est</span> <span class='ocrx_word' id='word_1_317' title='bbox 625 2957 728 3006; x_wconf 82' lang='lat' dir='ltr'>quod</span> <span class='ocrx_word' id='word_1_318' title='bbox 768 2957 909 3008; x_wconf 82' lang='lat' dir='ltr'>saepius</span> <span class='ocrx_word' id='word_1_319' title='bbox 943 2957 1087 3004; x_wconf 82' lang='lat' dir='ltr'>doleas,</span> <span class='ocrx_word' id='word_1_320' title='bbox 1126 2954 1317 2995; x_wconf 81' lang='lat' dir='ltr'>interdum</span> <span class='ocrx_word' id='word_1_321' title='bbox 1351 2960 1387 2992; x_wconf 87' lang='lat' dir='ltr'>et</span> <span class='ocrx_word' id='word_1_322' title='bbox 1424 2954 1610 3003; x_wconf 77' lang='lat' dir='ltr'>queraris,</span> 
     </span>
    </p>
   </div>
  </div>
 </body>
</html>
