1819 3219
321 206 694 254 TESTIMONIA
724 205 1019 250 VETERUM
1053 205 1135 248 DE
1168 205 1356 247 LYSIA.
1503 204 1553 248 91

391 367 687 406 DIONYSIUS
720 365 1272 405 HALICARNASSENSIS.

165 452 227 491 De
248 454 491 492 OratoribUS.
544 454 594 492 ‘O
624 452 816 496 Λυσιακὸς
835 453 952 500 λόγος
970 451 1063 500 πρὸς
1095 467 1136 488 το
1169 452 1358 501 χρήσιμον
1382 453 1441 488 καὶ
1466 453 1558 489 ἀνα-

111 521 243 563 γκαῖον
271 516 372 554 ἐστὶν
390 516 586 566 αὐτάρκης,
606 517 665 552 καὶ
684 515 723 553 τὸ
741 514 809 566 μὲν
831 513 1023 565 αὒχμηρὸν
1037 512 1279 564 ἐκπεφευγὼς,
1299 513 1398 551 πάνυ
1419 513 1457 550 δὲ
1474 515 1559 551 σι’]ν-

110 593 223 629 τομος
249 580 308 615 καὶ
329 578 454 621 στενὸς
474 580 564 616 κατὰ
586 580 653 623 τὴν
681 579 938 625 ἀπαγγελίαν,
960 574 1012 613 ἕτι
1033 574 1069 612 δὲ
1090 576 1148 611 καὶ
1164 575 1305 623 κομψὸς
1321 577 1379 613 καὶ
1398 574 1559 625 ἀληθὴς,

109 641 169 676 καὶ
198 646 270 678 τῶν
296 641 540 691 Ἀττικισμῶν
564 641 732 690 εὔχαρις.
772 641 813 676 οὔ
840 640 915 690 μὴν
949 644 1116 692 συνεχῶς
1136 637 1337 684 αὺξητικὸς,
1367 639 1467 683 πλὴν
1499 643 1561 675 τοῦ

111 706 247 739 σκοποῦ
272 700 486 748 λεληθότως
511 702 788 753 ἐπιτυγχάνων,
808 703 900 752 μετὰ
920 702 1138 751 κεκραμένης
1158 707 1223 746 τῆς
1244 702 1338 738 κατοὶ
1358 702 1424 745 τὴν
1447 700 1561 751 χάριν

109 762 253 808 ἡδονῆς·
288 767 337 806 ὡς
367 765 718 816 ἀναγινωσκόμενοι)
746 765 829 816 μὲν,
849 765 921 815 οὐχ
950 763 1040 800 ὅλον
1072 763 1115 813 [l.
1134 762 1302 811 εὔκολον]
1330 763 1561 813 νομίζεσθαι,

107 824 281 876 χαλεπὸν
300 825 339 863 δὲ
354 826 581 876 εὑρίσκεσθαι
600 828 733 872 ζηλοῦν
748 829 995 877 πειρωμένοις.
1016 825 1183 877 μάλιστα
1204 823 1239 862 δὲ
1259 823 1501 866 ἐπιτευκτικὸς
1522 823 1562 860 ἐν

108 890 191 928 ταῖς
211 885 438 934 διηγήσεσιν·
478 889 668 938 ἰσχνότητι
689 891 760 940 γὰρ
783 895 846 934 τῆς
865 889 1032 941 φράσεως
1054 893 1153 939 ασφῆ
1172 888 1230 923 καὶ
1248 883 1563 937 ἀπηκριβωμένην

108 945 238 998 ἔχουσι
256 951 323 994 τὴν
342 955 414 986 τῶν
432 950 666 1001 πραγμάτων
684 949 845 988 ἔκθεσιν.

162 1007 208 1046 In
227 1008 385 1046 Judicio
405 1009 453 1047 de
474 1011 573 1047 Isaeo
592 1014 622 1056 ξ.
636 1014 674 1048 3.
710 1011 763 1048 ‘H
783 1010 851 1057 μὲν
872 1012 946 1062 γὰρ
966 1009 1135 1061 [Λυσίου
1154 1008 1269 1058 λέξις]
1287 1010 1431 1061 ἀφελής
1451 1024 1488 1047 τε
1505 1009 1564 1046 καὶ

108 1068 218 1116 ἠθικὴ
252 1075 404 1125 μᾶλλον
439 1073 554 1111 ἐστίν·
576 1076 765 1121 σύγκειταί
791 1089 828 1111 τε
848 1073 1105 1124 φυσικώτερον,
1126 1072 1185 1108 καὶ
1215 1070 1492 1122 ἐσχημάτισται
1517 1071 1563 1107 ἇ-

108 1133 347 1181 πλούστερον”
367 1133 480 1187 ἡδονῇ
499 1151 536 1172 τε
555 1136 615 1171 καὶ
632 1135 759 1187 χάριτι
778 1137 906 1189 πολλῇ
925 1136 1110 1188 κέχρηται.
1130 1134 1151 1178 ἡ
1173 1132 1211 1170 δὲ
1231 1132 1373 1170 ’Ῑσάιου
1392 1147 1564 1183 τεχνικω-

109 1194 208 1242 τέρα,
229 1209 260 1231 κ.
277 1211 309 1232 τ,
326 1197 364 1232 λ.

162 1254 266 1292 Ibid.
285 1259 315 1302 ξ.
334 1259 397 1292 16.
437 1254 518 1292 Τοῦ
537 1254 686 1294 Λυσίου
713 1256 782 1306 μὲν
809 1254 875 1292 οὖν
900 1271 956 1296 τις
976 1257 1244 1300 ἀναγινώσκων
1275 1257 1340 1296 τὰς
1366 1253 1563 1302 διηγήσεις,
1583 1257 1696 1295 lxxxv

108 1314 217 1352 οὒδὲν
244 1317 291 1353 ἂν
310 1314 484 1370 ὑπολάβῃ
515 1314 702 1364 λέγεσθαι
728 1318 823 1353 κατά
850 1317 987 1368 τέχνην
1006 1315 1027 1359 ἢ
1048 1315 1245 1364 πονηρίαν,
1273 1315 1360 1351 ἀλλ’
1381 1318 1430 1357 ὡς
1456 1319 1565 1367 φύσις

107 1377 168 1413 καὶ
186 1378 208 1422 ἡ
227 1378 381 1422 ἀλήθεια
400 1381 510 1429 φέρεν
532 1378 620 1415 αὒτὸ
641 1381 745 1416 τοῦτο
763 1378 926 1425 ἀγνοῶν,
945 1375 1001 1413 ὅτι
1018 1383 1082 1421 τῆς
1102 1378 1238 1429 τέχνης
1263 1376 1303 1414 τὸ
1327 1380 1565 1427 μιμήσασθαι

110 1439 176 1482 τὴν
195 1438 305 1490 φύσιν
326 1441 439 1484 αὐτῆς
460 1441 638 1490 μέγιστον
658 1440 770 1490 ἔργον
788 1437 848 1484 ἦν.

160 1499 263 1539 Ibid.
284 1504 314 1548 ξ.
330 1506 393 1539 18.
415 1502 520 1539 Δοκεῖ
539 1501 690 1544 Λυσίας
709 1500 792 1552 μὲν,
811 1503 877 1546 τὴν
892 1501 1072 1544 ἀλήθειαν
1092 1499 1231 1538 διώκειν
1243 1502 1404 1549 μᾶλλον
1423 1499 1566 1543 ’Ῑσαῖος

109 1560 159 1607 δὲ,
181 1564 248 1607 τὴν
269 1564 417 1615 τέχνην·
440 1565 533 1601 καὶὸ
549 1562 619 1613 μὲν
641 1562 891 1614 στοχάζεσθαι
911 1567 974 1600 τοῦ
994 1563 1210 1613 χαριέντως·
1232 1562 1251 1599 ὁ
1271 1560 1322 1606 δὲ,
1344 1566 1406 1598 τοῦ
1427 1560 1565 1604 δεινῶς.

166 1623 268 1663 Ibid.
290 1628 319 1670 ξ.
340 1629 404 1662 20.
434 1624 581 1663 Οὐδένα
600 1625 804 1676 ἡγούμενος
825 1623 905 1663 οὔτε
933 1622 1209 1674 ἀκριβέστερον,
1228 1624 1309 1660 οὔτε
1328 1625 1568 1675 χαριέστερον

114 1686 313 1732 γεγονέναι
329 1685 490 1723 Λυσίου.

168 1745 268 1785 Ibid.
296 1746 446 1784 Τούτων
474 1747 515 1792 δὴ
535 1754 625 1799 φημιι
654 1753 726 1785 τῶν
752 1746 910 1797 ἀνδρῶν,
930 1747 990 1783 καὶ
1016 1752 1089 1783 τῶν
1115 1748 1390 1795 παραπλησίων
1413 1748 1566 1791 τούτοις,

111 1805 292 1858 διαφέρειν
311 1809 480 1859 οἰόμενος
499 1807 664 1854 Λυσίαν,
684 1809 742 1848 καὶ
762 1811 878 1858 ὥςπερ
898 1809 1106 1859 ἀρχέτυπον
1129 1807 1356 1858 ὑπογράφων
1376 1807 1568 1857 ὑπερέχειν

109 1867 246 1905 ἐκεῖνον
277 1869 342 1914 τὸν
374 1869 506 1920 ἄνδρα,
539 1872 675 1916 ταύτης
702 1877 766 1915 τῆς
798 1873 1047 1920 προαιρέσεως
1076 1875 1147 1906 τῶν
1176 1870 1302 1917 λόγων
1337 1868 1569 1917 ἐποιησάμην

114 1930 267 1967 κανόνα.

164 1990 211 2029 In
231 1991 387 2031 Judicio
407 1992 456 2030 de
478 1992 678 2032 Dinarcho
697 1996 729 2041 ἓ.
748 1997 787 2032 6.
817 1993 970 2036 Λυσίας
991 1994 1032 2030 ἔν
1051 2009 1089 2031 τε
1109 1997 1187 2034 τοῖς
1207 1991 1310 2035 ἰδίοις
1331 1994 1389 2030 καὶ
1409 1997 1487 2035 τοῖς
1507 1992 1569 2038 δη-

109 2055 253 2103 μοσίοις
270 2055 428 2102 ἀγῶσιν,
447 2054 558 2098 αὑτὸς
588 2056 685 2107 αὑτῷ
714 2056 1013 2107 ὁμολογούμενός
1042 2055 1156 2100 ἐστιν,
1177 2055 1230 2097 ε’ίς
1253 2071 1290 2092 τε
1315 2054 1379 2094 τὸν
1405 2055 1571 2093 λεκτικὸν

110 2116 259 2164 τρόπον,
280 2117 339 2152 καὶ
351 2117 417 2160 τὴν
431 2122 502 2154 τῶν
518 2117 711 2167 ὀνομάτων
728 2119 947 2168 σαφήνειαν,
962 2118 1022 2154 καὶ
1043 2116 1233 2162 σύνθεσιν,
1251 2118 1411 2168 αὐτοφυῆ
1431 2116 1499 2167 μὲν
1513 2118 1571 2154 καὶ

110 2176 218 2218 λείαν
238 2174 332 2217 εἶναι
347 2176 538 2224 δοκοῦσαν,
552 2179 693 2222 παντὸς
711 2178 747 2216 δὲ
766 2180 883 2226 λόγου
904 2181 997 2217 κατὰ
1016 2182 1082 2225 τὴν
1101 2179 1234 2224 ἡδονὴν
1253 2178 1515 2230 διαφέρουσαν.

167 2236 270 2277 Ibid.
291 2240 322 2284 ξ.
341 2242 380 2278 7.
402 2240 602 2278 “Έστωσαν
622 2240 664 2286 δή
691 2255 787 2284 τινες
803 2241 1094 2292 ἐπιγραφόμενοι
1113 2242 1235 2288 λόγοι,
1259 2241 1318 2277 καὶ
1345 2240 1461 2285 ὄντες,
1488 2240 1570 2277 Δει-

111 2298 268 2350 νάρχου,
288 2302 435 2346 πολλὴν
453 2300 606 2351 ἔχοντες
625 2301 717 2352 πρὸς
732 2305 778 2341 τὰ
796 2301 972 2341 Λυσιακὰ
987 2304 1196 2353 ὁμοιότητα·
1224 2301 1377 2339 Τούτων
1397 2302 1415 2339 ὁ
1434 2300 1571 2349 βουλό-

111 2376 222 2410 μενος
247 2364 430 2401 ποιεῖσθαι
461 2365 528 2408 τὴν
552 2363 767 2412 διάγνωσιν,
795 2371 944 2415 πρῶτον
971 2363 1040 2415 μὲν
1063 2367 1130 2410 τὴν
1156 2363 1318 2410 ἰδιότητα
1347 2368 1409 2401 τοῦ
1438 2363 1571 2410 ἀνδρὸς

113 2422 250 2461 ἐκείνου
284 2423 475 2475 θεωρείτω·
505 2424 630 2474 ἔπειτ’,
663 2426 729 2463 εἰὶν
754 2427 825 2477 μὲν
857 2428 991 2477 α’ρετὴν
1021 2443 1058 2464 τε
1091 2428 1150 2463 καὶ
1181 2430 1293 2478 χάριν
1328 2431 1405 2479 τοῖς
1441 2428 1572 2474 λόγοις

112 2484 355 2524 ἐπανθοῦσαν
378 2485 463 2531 ἰ’δοι,
483 2488 542 2524 καὶ
560 2489 626 2532 τὴν
645 2493 718 2525 τῶν
739 2487 931 2538 ὀνομάτων
949 2488 1110 2536 ἐκλογὴν
1129 2488 1299 2533 ἐνοῦσαν,
1321 2487 1379 2524 καὶ
1399 2488 1438 2525 τὸ
1459 2485 1572 2537 μηδὲν

111 2546 266 2597 ἄψυχον
279 2546 375 2587 εἶναι
387 2554 459 2586 τῶν
474 2549 700 2599 λεγομένων,
712 2550 855 2599 θαῤῥῶν
866 2551 1006 2598 λεγέτω
1018 2549 1333 2593 τούτουςΛυσίου.
1348 2550 1416 2587 εἰὶν
1432 2548 1467 2586 δὲ
1480 2550 1571 2597 μήτε

113 2611 246 2660 χαρίεν
265 2607 393 2661 ὅμοιον
411 2611 567 2665 εὑρίσκῃ,
586 2612 676 2661 μήτε
695 2612 736 2649 τὸ
756 2611 926 2657 πιθανὸν,
950 2613 1010 2648 καὶ
1035 2611 1075 2650 τὸ
1093 2618 1165 2650 τῶν
1186 2612 1381 2661 ὀνομάτων
1403 2608 1568 2660 ἀκριβὲς,

113 2670 204 2719 μήτε
222 2675 286 2714 τῆς
307 2672 483 2716 ἀληθείας
502 2673 723 2722 ἁπτόμενον,
745 2672 784 2710 ἐν
805 2677 882 2715 τοῖς
902 2671 1108 2724 Δεινάρχου
1127 2673 1259 2721 λόγοις
1277 2672 1413 2713 αὐτοὺς
1428 2671 1536 2707 ε’άτω.

168 2729 232 2771 De
250 2730 476 2769 admiranda
497 2732 533 2769 vi
552 2732 708 2771 dicendi
729 2732 766 2771 in
787 2734 1051 2772 Demosthene
1072 2737 1100 2781 ξ.
1124 2737 1162 2772 2.
1217 2734 1430 2771 Ἐτελείωσε
1451 2731 1479 2768 δ’
1504 2733 1570 2767 αὒ-

115 2793 181 2836 τὴν
197 2790 434 2842 [simplicem
450 2793 576 2831 ideam
592 2794 797 2846 Orationis]
822 2797 881 2833 καὶ
900 2797 948 2838 εἷς
969 2794 1084 2845 ἄκρον
1101 2798 1224 2844 ἤγαγε
1241 2802 1305 2840 τῆς
1327 2794 1422 2835 ἰδίας
1441 2794 1570 2843 ἀρετῆς

116 2851 266 2896 Λυσίας
286 2855 304 2891 ὁ
321 2856 506 2906 Κεφάλου,
529 2858 621 2893 κατὰ
639 2857 723 2900 τοὺς
739 2857 875 2900 αὐτοὺς
890 2858 1048 2908 χρόνους
1067 2856 1212 2907 Γοργίᾳ
1232 2871 1269 2894 τε
1290 2860 1350 2894 καὶ
1369 2853 1569 2906 Θουκυδίδῃ

119 2915 330 2963 γενόμενος.

167 2974 343 3017 lbiddl.
364 2977 419 3017 ‘A
437 2978 476 3016 δὲ
495 2982 596 3029 παρὰ
614 2980 678 3018 τὸν
698 2979 777 3000 *³⁶*
798 2980 858 3018 καὶ
873 2978 1022 3030 ἀκριβῆ,
1040 2981 1097 3017 καὶ
1113 2977 1292 3028 καθαρὸν,
1313 2979 1370 3019 καὶ
1390 2978 1563 3024 ζηλωτὸν,
1586 2978 1594 3015 l
1613 2978 1699 3015 xxvi
