1901 3244
222 170 335 230 670
819 181 1106 227 Artior

222 300 334 343 rent,
356 299 401 335 et
426 307 452 335 a
475 293 658 336 vicinis¹
688 309 776 337 rem
807 302 978 352 gestam
1008 297 1227 350 audirent,
1252 296 1382 340 simul
1410 304 1455 340 et
1478 298 1619 342 oculis
1645 306 1691 343 et

222 351 400 393 auribus
424 352 568 394 scelus
589 352 708 395 illius
731 360 1005 409 usurparent.

288 407 490 465 Dialysz's.
522 409 740 452 Omnibus
773 411 817 451 in
847 412 977 452 rebus
1003 426 1126 454 suam
1155 411 1465 454 confidentiam
1497 419 1690 457 ostenta-

221 466 314 508 bat.
376 467 586 509 Debitum
607 467 892 524 petebamus?
926 468 1027 510 Non
1047 470 1330 513 dissolvebat.
1380 470 1690 514 Minabamur'l

223 523 559 567 Contemnebat.
620 526 709 567 Lex
739 526 846 566 nihil
877 526 1073 568 valebat:
1112 528 1393 584 magistratus
1425 528 1690 586 negligebat.

222 581 357 623 Venit
377 582 461 624 hoc
482 589 626 624 tamen
647 583 772 624 nobis
794 583 1028 625 novissime
1051 591 1223 640 tempus
1244 586 1502 628 ulciscendi.

151 646 206 681 40
282 638 519 697 Ethologicz.
550 640 667 682 Rure
681 640 867 689 rediens,
884 641 1078 692 Judices‚
1092 642 1221 684 homo
1235 645 1373 699 major
1389 652 1510 696 natu,
1529 657 1688 700 magno

223 698 378 746 calore,
401 699 471 739 vix
494 697 703 739 sufferens
721 698 800 739 viae
819 699 1080 748 molestiam,
1098 707 1244 741 tamen
1260 701 1329 741 his
1350 702 1493 743 verbis
1516 707 1691 758 egomet

220 769 290 797 me
310 756 524 797 consolor.
564 754 645 796 Fer
665 756 833 798 fortiter
846 756 1022 799 demum
1043 758 1250 806 laborem,
1265 758 1357 813 jam
1373 758 1492 801 brevi
1512 759 1690 801 domum

221 813 369 854 venies
396 820 711 869 exspectatus:
745 814 939 871 excipiet
966 822 1008 856 te
1037 815 1327 871 defatigatum
1349 816 1533 872 diligens
1556 824 1690 873 atque

220 885 369 911 amans
391 884 528 912 uxor:
561 885 612 913 ea
643 871 797 914 sedulo
827 887 877 914 ac
904 872 1062 914 blande
1092 872 1469 929 praeministrando
1491 874 1691 916 detrahet

219 928 490 984 languorem,
508 934 552 969 et
567 928 695 969 simul
715 930 865 971 senilis
882 930 1113 972 nutriendo
1132 930 1413 987 recuperabit
1433 930 1549 973 viris.
1579 931 1690 974 Haec

218 999 287 1026 me
308 986 353 1025 in
369 986 522 1027 itinere
540 986 749 1043 cogitatio
767 1002 904 1044 prope
926 988 1173 1030 confectum
1194 988 1495 1030 confirmabat.
1526 988 1692 1030 Postea

220 1057 321 1084 vero
338 1058 437 1085 cum
458 1044 638 1086 domum
660 1044 774 1094 veni,
796 1046 904 1087 nihil
925 1061 1069 1088 earum
1088 1060 1228 1087 rerum
1244 1044 1416 1087 inveni:
1450 1045 1526 1087 sed
1542 1045 1691 1103 potius

217 1098 380 1142 bellum
400 1100 659 1143 intestinum
680 1100 736 1143 ab
758 1115 892 1143 uxore
915 1107 1068 1143 contra
1087 1117 1155 1144 me
1177 1108 1492 1159 comparatum.

872 1197 967 1241 Lib.
989 1198 1051 1240 ΙΙ.

276 1276 546 1337 Dicaeologz'a.
580 1279 693 1322 Nam
713 1294 795 1336 ego
816 1280 931 1330 huic,
949 1281 1145 1330 Judices‚
1166 1281 1377 1338 quicquid
1396 1282 1449 1324 ad
1475 1282 1691 1339 superius,

218 1335 325 1377 nihil
358 1351 619 1379 succenseo:
652 1338 762 1379 nihil
794 1339 906 1380 enim
931 1339 1168 1395 deliquisse
1193 1340 1394 1394 cognovi,
1421 1341 1498 1382 sed
1529 1341 1574 1381 in
1604 1341 1691 1383 hoc

218 1394 457 1436 novissimo
480 1395 598 1436 facto
622 1410 720 1436 cum
743 1395 917 1450 plenum
937 1397 1115 1438 malitiae
1136 1396 1416 1453 perfidiaeque
1436 1397 1689 1452 invenirem,

218 1452 374 1494 merito
406 1452 718 1507 reprehendere
748 1460 881 1510 atque
908 1454 1056 1495 odiose
1083 1454 1212 1509 coepi.
1275 1454 1482 1502 Quaeritis
1504 1455 1689 1498 fortasse

219 1510 325 1564 quid
364 1509 584 1551 accideret
614 1525 790 1561 causae3
826 1512 1107 1566 quamobrem
1137 1511 1323 1552 eundem
1358 1518 1403 1553 et
1437 1512 1612 1553 laudem
1647 1519 1692 1554 et

218 1568 473 1622 vituperem.
535 1566 663 1615 Quod
693 1567 811 1608 idem
842 1575 1110 1610 commutata
1136 1569 1363 1610 voluntate
1394 1583 1482 1610 non
1510 1576 1591 1618 est,
1613 1570 1690 1626 qui

219 1624 360 1665 fuerat
377 1640 386 1665 :
418 1639 559 1680 neque
576 1625 691 1666 idem
705 1640 822 1666 nunc
840 1626 893 1667 de
915 1641 961 1668 se
978 1626 1126 1667 audire
1142 1626 1289 1677 debet,
1306 1625 1427 1682 quod
1448 1626 1569 1682 prius
1588 1642 1692 1669 con-

221 1687 435 1731 sueverat,
454 1697 553 1724 cum
575 1682 667 1724 sine
685 1697 803 1724 noxa
825 1697 870 1724 se
890 1684 1079 1740 gerebat.
1141 1684 1244 1725 Non
1264 1683 1500 1726 arbitratus
1517 1687 1587 1726 es2
1607 1684 1691 1741 igi-

221 1745 292 1780 tur
320 1753 468 1781 rursus
501 1755 599 1781 eum
630 1755 847 1782 reversum
882 1742 936 1782 ad
967 1741 1191 1793 officium,3
1224 1749 1355 1797 atque
1387 1742 1689 1784 amicumtibi

220 1797 416 1838 futurum
431 1797 449 1837 ’ἒ
482 1797 581 1846 Quo
608 1798 773 1840 modo?
805 1813 933 1854 quem
962 1799 1099 1840 sciam
1130 1805 1302 1841 tantum
1334 1798 1506 1841 facinus
1540 1799 1587 1840 in
1619 1801 1692 1842 se4

221 1855 470 1906 admisisse,
502 1862 554 1897 ut
586 1855 631 1896 in
662 1856 879 1912 reliquum
910 1863 1082 1912 tempus
1112 1872 1254 1913 neque
1284 1856 1524 1898 beneficio⁵
1544 1858 1690 1899 locum

222 1928 363 1969 neque
382 1913 701 1955 benevolentiae
723 1929 843 1970 spem
865 1914 1154 1970 relinqueret?

284 1969 504 2026 Prolepsis.
536 1971 634 2012 Hac
657 1972 851 2013 oratione
877 1972 1038 2027 saepius
1061 1972 1177 2028 apud
1202 1986 1270 2012 me
1293 1971 1511 2018 utebatur,
1534 1976 1578 2011 et
1599 1985 1691 2012 ora-

223 2027 313 2075 bat,
329 2035 379 2069 ut
398 2043 571 2069 suarum
586 2043 872 2070 aerumnarum
884 2029 1120 2077 misererer,
1134 2029 1382 2084 inopiaeque
1400 2027 1691 2069 subvenirem.

155 2088 207 2123 41
225 2084 344 2132 Quid
379 2087 545 2127 multa?
608 2085 866 2128 Commotus
902 2086 1103 2127 humanis
1141 2085 1344 2142 precibus
1381 2083 1695 2140 deprecantis,⁶

225 2143 342 2199 quod
373 2143 551 2199 petebat
585 2143 701 2193 dedi,
734 2144 853 2185 solus
888 2144 985 2191 soli,
1020 2158 1107 2200 quo
1142 2144 1286 2184 minus
1322 2149 1428 2184 nota
1462 2141 1689 2184 calamitas

225 2201 415 2242 hominis
444 2208 575 2243 esset.
635 2200 723 2242 Sed
750 2208 801 2243 ut
831 2203 1030 2256 paratus⁷
1064 2200 1233 2243 venisse
1261 2200 1503 2248 videbatur,
1522 2200 1616 2255 jam
1643 2214 1691 2242 se

225 2258 430 2313 negabit8
455 2258 696 2315 accepisse,
717 2265 762 2301 et
790 2259 899 2301 flens
925 2259 1050 2301 vobis
1080 2258 1360 2315 supplicabit,
1382 2265 1433 2299 ut
1456 2272 1502 2299 se
1525 2272 1551 2299 a
1571 2257 1692 2300 calu-

225 2316 512 2358 mniatoribus
531 2317 739 2372 eripiatis.
773 2317 866 2358 Vos
881 2324 1025 2359 autem
1042 2332 1142 2358 cum
1157 2317 1245 2359 sic9
1257 2322 1460 2374 agentem
1475 2314 1690 2365 videritis,

226 2373 404 2415 facitote
425 2382 474 2415 ut
495 2382 538 2416 et
558 2375 675 2416 illius
699 2382 743 2417 et
762 2376 847 2417 mei
868 2375 1164 2417 memineritis.

286 2430 558 2488 Brachyepz‘a.
593 2432 773 2480 Quaeres
797 2448 821 2474 a
843 2448 926 2481 me,
949 2449 1036 2490 quo
1053 2434 1151 2490 jure
1175 2431 1373 2473 obtinere
1402 2430 1584 2487 possim,
1605 2442 1691 2485 quo

221 2489 320 2545 jure
341 2489 447 2530 mihi
476 2490 723 2532 Polienus¹⁰
742 2491 933 2547 reliquit,
956 2506 1043 2548 quo
1066 2491 1165 2547 jure
1188 2490 1354 2531 Praetor
1374 2488 1498 2530 dedit
1517 2501 1691 2552 posses-

228 2547 409 2589 sionem.
473 2547 611 2602 Leges
640 2563 708 2590 me
732 2549 994 2601 defundunt,
1022 2549 1077 2590 ad
1102 2555 1145 2590 te
1171 2563 1260 2589 non
1286 2546 1491 2603 pertinet,
1514 2545 1559 2586 h1
1580 2557 1692 2585 Verl-

227 2611 360 2646 tatem
383 2612 636 2660 sequantur.

286 2661 396 2704 Ibid.
429 2662 516 2705 Sed
547 2664 669 2704 nosll
691 2676 864 2720 aequum
891 2668 960 2705 est
981 2662 1254 2704 voluntatem
1285 2659 1516 2716 dispicere.
1578 2657 1692 2700 Nam

272 2756 281 2774 ¹
297 2753 333 2784 ab
349 2754 394 2784 his
409 2753 549 2784 Rhenan.
573 2751 684 2785 IDEM.
975 2753 1128 2783 calamitas
1143 2751 1266 2781 hominis
1279 2755 1356 2780 esset.
1378 2749 1487 2778 IDEM,

271 2797 285 2815 ²
299 2804 339 2827 est
358 2798 494 2827 Rhenan.
517 2797 625 2827 IDEM.
850 2825 854 2828 ,
1020 2797 1210 2833 ⁷imparatus
1226 2794 1325 2823 Rhen.
1349 2793 1454 2822 IDEM,

272 2842 285 2861 ⁸
300 2839 393 2880 (fficio
408 2841 509 2871 Rhen.
532 2840 637 2871 IDEM.
1020 2838 1032 2856 Β
1048 2838 1169 2878 negavit
1187 2837 1283 2866 Rhea.
1308 2837 1413 2865 Imm.

275 2887 287 2904 ⁴
303 2895 345 2913 me
362 2885 461 2914 Rhen.
485 2883 592 2914 IDEM.
1021 2880 1034 2899 ⁹
1048 2892 1075 2912 se
1092 2881 1192 2910 Rhen.
1218 2881 1323 2909 IDEM.

275 2929 288 2948 ⁵
302 2925 395 2967 qfficz'o
410 2927 511 2957 Rhen.
534 2927 642 2957 IDEM.
1021 2925 1047 2944 ¹⁰
1060 2925 1098 2954 Id
1114 2928 1178 2952 erat
1193 2923 1337 2957 fortasse,
1354 2921 1533 2962 Polyaenus.
1557 2920 1665 2951 IDEM.

275 2969 288 2988 ὅ
305 2971 474 3009 deprecanti
505 2971 580 3010 quod
606 2969 721 3009 petebat
745 2968 813 2999 dedi
843 2968 943 2998 Rhen.
1023 2969 1046 2989 ¹¹
1061 2976 1108 2998 vos
1122 2966 1222 2998 Rhen.
1247 2966 1354 2996 IDEM.

236 3013 369 3050 Deinde,
397 3014 465 3044 dadi
495 3013 590 3044 solus.-
613 3013 664 3044 soli
687 3013 846 3043 communis
875 3015 943 3041 nota
