1839 3229
246 187 326 228 106
812 188 847 230 Ι.
878 188 1144 232 TAYLORI

238 295 337 336 μισὶῳ
365 295 420 325 καὶ
438 296 511 337 περὶ
525 296 692 339 Σαλαμῖνι
703 298 758 328 καὶ
773 298 811 329 ἐν
831 298 1020 336 Πλαταιαῖς
1033 299 1117 341 ὑπὲρ
1129 299 1193 337 τῆς
1207 296 1371 340 πατρίδος
1381 294 1631 328 ἀποθανόντων
1647 294 1707 337 ἀρ·

241 349 390 391 ξάμενοι,
410 349 467 382 εἶτ’
480 350 552 382 ἀπὸ
575 354 644 383 τῶν
657 353 732 395 περὶ
748 353 945 395 Μαραθῶνα
959 352 1076 395 ἔργων.
1094 350 1158 384 ubi
1175 351 1298 384 videas
1311 350 1427 395 plura.
1447 349 1493 383 In
1509 346 1706 382 concioni-

242 402 311 436 bus
329 403 502 437 Romanis
519 404 591 437 duo
604 409 689 438 sunt
702 406 883 449 praecipue
901 406 1071 447 notanda,
1090 405 1186 450 qnod
1205 405 1278 438 cito
1292 405 1486 438 intantum
1501 403 1617 437 crevit
1629 402 1707 435 lau·

241 456 353 489 dandi
371 457 448 491 haee
463 459 608 502 cupido,
628 463 668 492 ut
679 460 724 492 ab
741 460 901 502 Augusti
913 461 1134 504 temporibus
1150 460 1379 493 laudationes
1390 460 1518 493 fierent
1530 457 1707 502 duplices·

243 510 446 555 Imperator
463 512 522 544 ille
539 522 694 545 sororem
707 513 899 546 Octaviam
919 514 955 546 in
968 515 1122 547 sacrario
1141 514 1247 553 Iulio,
1267 513 1409 546 Drusus
1427 523 1492 556 pro
1509 512 1637 545 rostris
1652 521 1711 544 so-

242 565 339 598 lenni
363 567 523 599 oratione
552 572 766 610 prosecutus
793 571 871 600 est:
900 568 1161 611 Imperatorem
1189 571 1370 602 mortuum
1390 567 1584 601 laudarunt
1600 565 1709 599 ‘ribe-

242 620 314 652 rius
332 625 367 653 et
390 621 539 662 Drusus,
557 622 615 654 ille
631 633 692 665 pro
719 622 798 655 aede
816 623 904 655 Divi
930 622 1030 663 Iulii,
1055 623 1113 657 bie
1140 635 1201 668 pro
1227 623 1360 657 rostris.
1401 622 1484 656 Dio.
1499 621 1707 655 Suetonius.

242 676 349 708 Pium
370 676 594 709 Antoninum
621 677 675 710 M.
697 677 906 711 Antoninus
931 681 968 711 et
988 678 1030 711 L.
1048 678 1169 712 Verus
1195 689 1257 722 pro
1274 678 1395 711 rostris
1423 679 1586 720 uterque.
1636 674 1709 708 Ca-

241 730 379 773 pitoliu.
396 731 429 763 in
445 731 501 764 M.
519 731 722 765 Antonino:
752 732 918 766 Alterum
945 736 1012 774 est,
1040 734 1148 776 quod,
1166 733 1334 777 quamvis
1359 731 1405 765 ab
1429 731 1531 764 initio
1547 731 1708 764 virorum

241 786 382 817 tantum
395 789 509 828 gesta,
528 796 710 830 nunquam
729 786 896 820 mulieres
915 786 1063 820 laudare
1081 797 1158 820 mos
1176 787 1314 829 fuisset,
1330 787 1545 831 quiatamen
1562 783 1710 819 Camilli

242 840 466 882 temporibus
492 841 673 874 Mati-once
695 842 883 881 Romanae,
911 852 1023 886 quum
1041 843 1078 875 in
1097 841 1242 885 publico
1260 842 1415 882 deesset,
1431 850 1562 874 aurum
1579 842 1709 873 contu-

241 895 325 937 lere,
344 906 417 939 quo
434 907 472 928 se
490 895 642 929 Romani
660 908 680 928 a
693 897 804 929 Gallis
818 897 995 930 redimere
1008 898 1167 940 possent,
1186 898 1227 929 ut
1243 907 1344 930 sacro
1354 906 1443 929 auro
1453 894 1706 936 abstineretur,

240 953 388 983 cautum
404 950 471 983 fuit
488 951 528 983 S.
546 951 588 983 C.
609 954 649 984 ut
665 951 712 984 ob
729 952 939 995 praeclarum
958 952 1024 984 hoe
1043 951 1182 984 facinus
1194 950 1309 994 (quod
1328 953 1451 984 tamen
1471 949 1651 983 Plutarch.
1669 949 1708 982 in

240 1005 393 1038 Camillo
408 1006 510 1039 aliter
523 1008 655 1049 narrat,
669 1017 736 1049 ego
754 1006 896 1040 Livium
909 1017 1041 1051 sequor
1052 1006 1099 1040 V.
1114 1006 1189 1051 50.)
1200 1016 1326 1039 earum
1343 1006 1379 1040 in
1397 1005 1594 1047 funeribus,
1610 1005 1709 1038 sicut

239 1060 275 1093 in
295 1060 466 1101 virorum⁷
482 1061 638 1094 solennis
653 1061 812 1095 laudatio
831 1062 1034 1095 haberetur.
1072 1061 1212 1094 Primus
1230 1062 1353 1104 itaque
1367 1061 1544 1105 Popiliam
1557 1063 1710 1095 matrem

239 1115 404 1149 laudavit
418 1116 568 1149 Crassus
582 1116 687 1149 filius.
730 1116 790 1149 Ita
799 1117 984 1149 Alexand.
1001 1117 1045 1148 ab
1061 1116 1277 1150 Alexandro
1291 1115 1362 1149 IV.
1380 1118 1415 1150 8.
1433 1114 1556 1149 neseio
1572 1117 1708 1158 tamen,

239 1181 311 1214 quo
325 1171 444 1204 animo
463 1171 517 1204 vel
537 1171 763 1204 auctoritate.
817 1172 984 1205 Porciam
1014 1171 1164 1204 Catonis
1189 1181 1360 1213 sororem,
1386 1169 1537 1204 Domitii
1558 1170 1706 1204 Aheno-

239 1225 337 1258 barbi
358 1237 522 1267 uxorem,
542 1225 679 1259 Cicero,
717 1226 804 1259 Vid.
821 1229 875 1260 13.
895 1226 939 1259 ad
953 1226 1067 1260 Attio.
1085 1228 1143 1260 48.
1160 1224 1239 1269 (qui
1254 1225 1388 1258 ibidem
1405 1235 1552 1270 quoque
1566 1235 1705 1259 memo-

238 1283 293 1312 rat
327 1279 381 1313 M.
409 1280 582 1314 Varronis
627 1284 664 1313 et
700 1281 807 1314 Lollii
850 1280 1126 1324 laudationem).
1206 1280 1369 1314 Amitam
1403 1290 1509 1313 snam
1555 1279 1706 1322 Juliam,

238 1346 461 1379 uxoremque
480 1335 672 1369 Camillam
690 1335 768 1379 (qui
788 1336 900 1370 honos
914 1340 1002 1370 tune
1016 1335 1172 1380 primum
1187 1334 1331 1368 feminae
1351 1334 1611 1378 aetatejuniori
1627 1345 1709 1379 per-

236 1390 458 1431 solvebatur,
477 1394 517 1424 ut
536 1391 720 1424 Plutarch.
734 1391 770 1425 iu
789 1391 966 1436 Caesare),
993 1391 1158 1424 laudavit
1174 1390 1295 1424 Julius
1316 1389 1453 1423 Caesar.
1470 1388 1652 1424 Plutarch.
1671 1391 1710 1423 et

238 1445 448 1477 Suetonius.
480 1445 612 1479 Aviani
633 1445 831 1488 Augustus.
861 1446 1010 1480 Sneton.
1030 1446 1066 1479 in
1086 1446 1182 1488 Aug.
1200 1456 1232 1478 c.
1250 1447 1285 1478 8.
1331 1443 1451 1485 Iunia,
1469 1443 1586 1477 Cassii
1603 1454 1711 1486 uxor,

239 1498 293 1531 Μ.
313 1499 419 1532 Bruti
438 1511 546 1541 soror,
564 1511 772 1545 quanquam
801 1501 838 1534 iu
866 1503 1096 1542 testamento,
1115 1511 1198 1534 eum
1226 1499 1337 1533 ferme
1362 1501 1515 1533 cunctos
1543 1509 1708 1543 proceres

157 1559 221 1588 6234
239 1565 324 1588 cum
351 1555 484 1588 honore
511 1556 781 1598 nominavisset,
809 1556 990 1590 Caesarem
1025 1555 1160 1599 omisit,
1190 1555 1226 1588 id
1253 1558 1376 1588 tamen
1404 1564 1477 1587 non
1508 1553 1706 1597 prohibuit,

239 1620 312 1654 quo
330 1611 446 1643 minus
460 1611 667 1644 laudatione
686 1622 750 1654 pro
768 1611 893 1645 rostris
918 1611 1123 1655 ceterisque
1137 1610 1348 1643 solennibus
1367 1609 1476 1643 funus
1491 1609 1707 1643 cohonesta-

239 1669 348 1698 retur.
401 1666 522 1699 Verba
538 1669 623 1699 sunt
640 1667 713 1700 fere
729 1666 848 1699 Taciti
864 1670 898 1699 3.
917 1667 1014 1700 Anu.
1033 1670 1089 1700 76.
1155 1666 1292 1699 Exstat
1309 1665 1406 1707 apud
1436 1664 1649 1699 Fabrettum
1668 1675 1705 1708 p.

241 1722 319 1753 163.
346 1731 502 1754 marmor
518 1722 842 1764 elegantissimum,
861 1721 924 1754 sed
942 1720 1061 1753 aetatis
1079 1719 1173 1753 vicio
1185 1720 1289 1752 tertia
1303 1719 1449 1752 circiter
1464 1722 1566 1762 parte
1578 1718 1707 1752 unius-

237 1775 418 1819 cujusque
445 1776 549 1809 lineae
579 1779 850 1820 consumptum,
876 1776 1002 1820 inquo
1029 1776 1236 1808 continetur
1257 1773 1552 1808 honestissimum
1569 1786 1708 1819 praeeo-

237 1830 351 1867 nium,
366 1830 462 1873 quod
479 1831 511 1863 iu
529 1830 701 1863 honorem
719 1831 882 1873 conjugis
894 1830 1077 1863 defuncta:
1092 1830 1219 1862 habuit
1232 1829 1330 1862 Civis
1340 1830 1489 1873 quidam
1508 1829 1706 1872 Romanus,

236 1883 343 1925 eujus
372 1895 514 1923 nomeu,
543 1885 685 1917 fortuna
710 1888 746 1917 et
776 1884 938 1917 conditio
963 1885 1010 1916 ad
1036 1894 1100 1916 nos
1127 1893 1197 1916 non
1224 1883 1425 1916 descendit.
1475 1883 1706 1926 Elegantiam

238 1938 347 1971 habet
365 1939 574 1978 maximam,
593 1942 739 1972 uitatem
758 1940 946 1982 optimam,
970 1943 1006 1971 et
1021 1939 1213 1981 singulare,
1233 1938 1332 1982 quod
1348 1938 1476 1980 sciam,
1494 1939 1706 1983 exemplum

237 1993 400 2026 eontinet
416 1995 586 2028 orationis
604 1995 761 2038 publicae
782 1993 947 2027 marmori
966 2004 1101 2026 saxove
1116 1993 1376 2027 conereditae.*

847 2049 867 2069 ἦ
964 2048 981 2066 ⁴*
1077 2051 1095 2068 *k

157 2109 221 2139 685
236 2104 401 2148 Tempus
428 2104 535 2148 liujus
558 2104 729 2138 orationis
760 2104 919 2137 iudicare
942 2103 1111 2136 videntur
1139 2102 1273 2135 mentio
1291 2101 1446 2136 Caesaris
1468 2100 1642 2144 Augusti,
1665 2104 1705 2136 et

238 2159 357 2203 pacati
375 2159 481 2197 orbis,
495 2169 606 2203 quem
619 2159 698 2202 ejus
712 2169 820 2202 opera
836 2157 1032 2201 contigisse
1050 2157 1136 2190 satis
1154 2160 1280 2190 notum
1295 2160 1367 2197 est;
1394 2165 1524 2190 nomen
1541 2155 1628 2189 item
1645 2155 1702 2190 M.

238 2214 371 2257 Lepidi
389 2214 551 2260 conlegae‚
567 2225 636 2247 non
649 2214 762 2247 nostri
779 2212 940 2254 fortasse,
957 2217 998 2246 ut
1013 2213 1192 2247 intellexit
1206 2211 1486 2252 Fabrettus,sed
1498 2210 1657 2255 Augusti
1667 2213 1704 2245 in

238 2269 436 2303 Illviratu.
480 2269 522 2303 C.
540 2270 695 2313 denique
713 2269 846 2310 Cluvii,
861 2268 1059 2309 adfinitate,
1078 2268 1132 2301 uti
1149 2268 1308 2309 videtur,
1327 2267 1458 2300 oratori
1482 2269 1603 2300 nostro
1614 2276 1703 2301 con-

230 2324 365 2367 juncti.
416 2324 528 2358 Caius
553 2325 717 2366 Cluvius,
746 2324 806 2357 ubi
833 2334 936 2357 suam
961 2323 1063 2356 Julio
1079 2322 1217 2356 Caesari
1235 2323 1422 2366 probasset
1450 2321 1572 2364 fidem,
1599 2321 1706 2355 abeo

236 2390 323 2412 cum
342 2379 493 2422 imperio
511 2380 546 2412 in
565 2379 720 2412 Galliam
746 2378 816 2412 fuit
842 2378 983 2412 missus.
1035 2377 1138 2411 Unus
1163 2380 1241 2410 erat
1264 2387 1312 2411 ex
1340 2375 1540 2417 V111viris‚
1570 2375 1703 2420 quihus

237 2433 336 2468 idem
361 2434 500 2475 Caesar,
531 2445 614 2467 eum
640 2435 678 2467 in
705 2433 924 2477 Hispaniam
951 2436 1081 2467 contra
1111 2432 1273 2476 Pompeii
1298 2431 1389 2465 filios
1418 2431 1471 2463 ire
1493 2430 1703 2473 maturavit,

238 2489 492 2533 prael'ecturam
510 2489 606 2522 urbis
621 2489 802 2522 commisit
820 2489 864 2522 A.
881 2488 928 2522 V.
944 2487 987 2521 C.
1008 2486 1208 2528 DCCVII,
1228 2486 1374 2520 Caesare
1396 2484 1542 2518 tertium
1573 2484 1702 2519 Dicta-

236 2549 325 2588 tore,
342 2546 440 2589 quod
457 2546 594 2579 indicat
612 2555 784 2579 nummus
802 2555 919 2578 aereus
935 2555 1022 2578 cum
1038 2543 1108 2577 hac
1125 2541 1373 2586 inscriptione,
1387 2550 1516 2575 CAESAR
1543 2548 1704 2576 metator

234 2600 398 2634 'ri-:atium
414 2600 502 2632 etin
530 2603 630 2643 parte
653 2599 793 2642 postica
813 2599 913 2633 caius
933 2609 1093 2633 cnevius
1118 2603 1327 2633 Pnaereetus.
1379 2596 1619 2630 Puteolanum
1644 2595 1702 2630 fn-

235 2656 305 2689 isse
322 2657 477 2689 testatur
492 2654 570 2688 Cic.
590 2657 646 2688 13.
659 2654 776 2698 Epist.
791 2656 850 2687 55.
875 2654 975 2698 quod
990 2654 1108 2698 arguit
1120 2663 1264 2698 quoque
1283 2651 1361 2686 haeo
1376 2649 1575 2693 Inscriptio
1588 2650 1701 2689 Pute-

233 2712 302 2746 olis
315 2712 454 2746 effossa.

280 2815 315 2855 ζ*
334 2815 502 2854 Exemplar
524 2812 697 2848 marmoris,
719 2822 737 2841 e
761 2812 905 2841 Fabretto
931 2812 1133 2851 exscriptum,
1155 2812 1238 2850 quod
1259 2811 1309 2840 hio
1331 2808 1471 2849 sequitur
1497 2807 1529 2839 in
1555 2807 1701 2839 Editione

233 2858 406 2898 Taylorana
420 2858 449 2888 iu
465 2860 530 2893 4to,
553 2863 586 2887 ut
599 2856 699 2885 minus
714 2855 901 2884 couveniens
918 2859 1028 2884 uostrae
1043 2856 1074 2884 in
1093 2857 1168 2890 8vo5
1184 2858 1216 2882 et
1231 2864 1322 2893 porro
1338 2860 1471 2892 pannum
1486 2851 1700 2890 splendentem

235 2902 341 2940 potius
357 2912 447 2941 quam
465 2901 582 2934 utilem,
596 2909 666 2929 cum
684 2897 817 2928 Reiskio
834 2897 1102 2936 praetermisimus:
1127 2897 1157 2925 iu
1173 2907 1235 2936 quo
1250 2895 1438 2926 enucleando
1456 2899 1601 2934 quantum
1627 2904 1699 2933 pm-

234 2945 342 2974 feeerit
356 2945 518 2984 TayloruS,
534 2944 586 2982 qui
603 2942 716 2972 otiatur
739 2946 771 2971 et
787 2941 866 2970 seire
883 2940 981 2979 cupit.
999 2940 1089 2971 facile
1115 2940 1242 2971 Fontem
1267 2940 1370 2980 ipsum
1385 2938 1565 2970 contulerit.
1608 2937 1698 2971 Idem

234 2988 350 3018 dictum
369 2988 458 3018 velim
475 2988 514 3018 de
528 2987 634 3018 tabula
648 2995 733 3016 aenea
746 2985 786 3014 ad
799 2984 867 3014 init.
883 2994 952 3023 cap.
969 2983 1030 3023 iv.]
