1819 3219
199 164 249 204 iv'
506 161 555 202 P.
582 161 630 202 P.
655 159 905 201 DOBREE

200 275 336 306 scholion
351 275 388 304 ad
404 273 478 304 δεινή.

244 320 294 352 93,
312 320 362 348 13.
392 317 499 356 Inepte
529 317 566 351 εἰς
595 318 641 346 τὴν
670 316 768 355 ἀγοξὲν
793 315 901 345 Reisk.

201 361 312 390 Melius
327 361 391 390 sine
403 359 487 390 artie.
499 369 589 398 quum
602 359 703 397 potius
716 358 816 396 signif.
831 363 903 397 toga

202 409 228 433 to
254 402 374 438 market,
396 413 483 441 quam
505 408 533 431 to
559 401 604 431 the
623 401 837 439 maritet-place.
867 410 903 429 ne

202 455 374 481 memorem,
394 445 485 475 etiam
505 444 535 474 in
555 444 610 473 hac
626 444 728 482 signif.
749 442 821 482 poni
842 442 904 472 sine

205 488 342 518 articulo.

246 532 297 565 93,
310 534 362 562 16.
375 528 480 560 ταύτην
494 530 547 570 γὰρ
562 539 661 569 τεχνην
679 526 751 568 ἐ’χει.
767 527 831 557 sine
847 526 907 557 τήν.

193 571 250 614 for
275 573 308 602 he
339 572 431 602 makes
460 571 517 601 this
549 571 591 600 his
616 571 750 601 business.
788 569 908 609 Ineptit

205 615 311 645 Reisk.
315 615 393 644 Vide
406 626 436 654 p.
449 616 501 650 92,
510 616 561 644 21.
571 613 622 643 ubi
635 618 717 642 recte
730 613 771 644 R·
781 613 868 641 Adde
880 622 907 641 e.

204 657 357 688 Andocid.
376 668 407 695 p.
422 658 494 692 103,
510 659 562 687 43.
586 656 694 695 Lysias
711 667 743 695 p.
763 657 832 690 172,
856 657 907 684 23.

205 700 311 730 ταύτην
327 698 391 739 'nae'
404 701 480 738 ἡμῶν
495 698 599 729 «πίστιν
612 698 765 738 εἰληφότες.
789 699 865 727 Mox
876 707 908 736 p.

207 744 350 776 174,18.
375 741 438 770 Ηίο
457 752 486 795 p.
512 745 584 773 141.
606 741 703 771 Isocr.
722 742 855 781 AEginet.
879 742 910 769 7.

206 785 299 817 λαβὼν
312 783 421 818 ταύτας
435 787 489 817 τὰς
504 785 633 824 ἀφορμὰς
648 783 752 837 {243an
765 782 857 833 ταύτῃ
873 794 908 822 ‘rp

205 827 304 868 τέχνῃ.
318 828 384 857 MS.
401 827 542 862 Urbinas,
561 833 590 857 λ.
611 826 721 860 ταύτας
738 828 790 866 ἀφ.
808 823 857 866 ἐχ.
874 825 912 865 τῇ

207 869 305 910 τέχνῃ
338 869 425 899 Alias
448 880 568 910 posses,
589 875 619 899 λ.
640 868 753 905 ταύτας
771 872 825 901 τὰς
841 868 871 896 ἆ·
888 866 912 898 ἒ·

207 913 300 942 ’Ταύτῃ
315 923 415 962 ΤΕχΊΙῃ;

252 945 305 990 93,
323 957 373 984 17.
403 953 595 994 ἐπραττόμην,
619 954 682 994 [καὶ
709 954 804 984 πάντα
825 972 859 980 ··

208 996 355 1038 ὑποψίας]
370 996 422 1027 ἔνθ.
442 997 519 1026 Dele
535 998 604 1033 ista,
620 1008 636 1027 e
651 998 802 1036 proximis
820 1009 848 1028 ν.
861 1002 914 1030 21.

209 1040 267 1069 huc
284 1046 390 1070 tracta.

251 1085 304 1117 93,
316 1084 368 1112 32.
386 1083 480 1120 Lege,
492 1081 564 1122 αὑτῇ
574 1081 690 1122 προσίοι.
713 1083 789 1111 Mox
803 1082 915 1119 forsan,

208 1124 328 1158 εἰσόδους
336 1124 362 1154 ὃν
370 1123 474 1164 τξόωον
486 1126 644 1155 ποιήσαιτο
652 1125 916 1166 (Eratosthenes).

211 1167 289 1197 Vide
318 1167 429 1197 Reisk.
465 1166 525 1197 Sed
548 1177 639 1206 quum
666 1167 840 1197 concinnius
866 1169 916 1204 sit,

209 1209 309 1239 omnia
323 1211 361 1239 ad
377 1219 503 1240 uxorem
519 1210 636 1246 referri,
653 1220 700 1245 an,
716 1211 860 1249 vrgao-afro,
875 1221 917 1241 sc.

210 1254 224 1283 ἦ
239 1253 302 1291 ymb
316 1251 362 1282 τὸν
376 1251 497 1293 μοιχόν.>

253 1297 305 1329 94,
323 1297 372 1325 13.
394 1295 551 1333 Aristoph.
567 1295 685 1325 Eccles.
704 1297 798 1326 1047.

254 1339 307 1373 94,
325 1339 377 1368 39.
406 1337 498 1377 Lege,
523 1335 569 1367 ἐάν
591 1348 636 1371 τις
661 1336 742 1377 ἄνδςα
767 1337 917 1379 ἐλεύθερον.

940 161 1333 203 ADVERSARIA

935 274 1075 304 Ceterum
1093 285 1150 305 non
1165 274 1293 304 concilio
1310 275 1386 303 hanc
1400 274 1499 313 legem
1514 283 1582 303 cum
1597 274 1638 302 al-

936 321 1000 346 tera
1015 318 1095 355 apud
1108 318 1263 346 Demosth.
1276 316 1442 356 Midian.p.
1458 318 1532 347 330.
1549 328 1576 345 n.
1587 319 1641 347 83.

937 361 1054 390 :5⁶29.
1072 360 1367 390 JEscfflmTimarch.
1379 371 1408 398 p.
1421 361 1451 394 3,
1467 361 1495 389 9.
1506 359 1577 388 Non
1593 369 1641 388 as-

939 402 1052 431 sentior
1065 402 1255 440 Wesseling.
1269 403 1306 431 ad
1320 403 1413 431 Petit.
1428 412 1461 440 p.
1472 403 1545 432 569.
1562 401 1642 430 Vide

939 445 1061 483 Taylor.
1078 446 1164 474 Lect
1181 446 1251 492 Lys..
1269 444 1368 473 0.X1.
1397 445 1476 473 Nam
1491 444 1571 482 apud
1582 444 1643 483 Ly-

942 487 1025 522 siam,
1043 492 1125 517 certa
1138 487 1265 525 pecunia
1275 487 1435 516 mulctatus
1446 496 1511 515 esse
1522 486 1642 516 videtur

941 541 952 557 ο
968 509 1091 569 ὑβξξζων,
1107 531 1187 569 apud
1203 530 1242 558 D.
1257 534 1288 559 et
1302 529 1351 558 AE.
1364 541 1397 558 το
1412 527 1532 567 τίμημα
1552 538 1644 568 penes

938 572 1070 610 judices.

986 617 1039 650 94,
1051 617 1101 645 40.
1118 613 1236 654 Lege,'
1227 617 1272 644 εὰν
1289 613 1316 643 δὲ
1331 613 1449 652 γυναῖκα
1463 611 1508 652 ἐφ’
1523 610 1645 651 aio-weg.

943 655 992 692 (ex
1007 667 1107 686 earum
1120 667 1249 691 numero,
1260 667 1326 686 cum
1339 657 1439 696 quibus
1453 660 1511 685 etc.
1528 655 1591 684 vid.
1605 656 1645 685 R.

944 699 981 728 P.
998 700 1036 728 ad
1051 701 1152 729 Orest.
1169 698 1259 737 910.)
1275 700 1415 729 Ceterum
1430 698 1510 736 legis
1526 707 1647 727 sensum

945 742 1058 780 optime
1076 741 1211 780 explicat
1229 741 1388 771 Reiskius.
1410 741 1470 777 Qui
1488 740 1584 769 virum
1597 745 1649 769 aut

946 795 1070 823 puerum
1094 784 1125 814 vi
1148 784 1374 823 compresserit,
1393 783 1517 822 duplum
1537 783 1650 822 pendat

945 828 1025 867 (ejus
1045 827 1124 866 qnod
1142 826 1168 855 is
1188 828 1240 866 qui
1259 825 1409 865 servum).
1432 825 1546 855 Eadem
1562 835 1651 863 poena

946 875 1082 899 teneatur
1096 868 1202 909 (poena
1213 870 1327 909 dupli),
1339 869 1390 908 qui
1400 868 1450 909 (vi
1461 878 1650 907 compresse-

950 912 1004 952 rit)
1014 912 1172 941 mulierem
1187 922 1226 941 ex
1245 922 1346 942 earum
1364 922 1500 946 numero,
1515 920 1590 950 quas
1604 920 1652 940 re-

902 973 914 979 -
949 959 1052 984 censet
1064 955 1165 984 Draco
1174 955 1253 993 apud
1266 955 1423 984 Demosth.
1435 964 1461 984 e.
1474 954 1653 984 Aristocrat.

949 1008 978 1036 p.
993 999 1065 1027 410.
1084 1009 1113 1027 n.
1124 999 1294 1028 78:637.

993 1039 1068 1080 [80]
1087 1042 1139 1075 95,
1152 1042 1203 1069 16.
1227 1041 1321 1078 Lege,
1337 1039 1432 1068 δίκαια
1449 1037 1503 1078 μὲν
1520 1038 1551 1068 ἂν
1571 1037 1655 1069 ποιεῖν

950 1083 1081 1122 ἦγούμην.
1114 1083 1243 1112 Solenne
1267 1081 1332 1121 μὲν,
1354 1087 1385 1111 et
1406 1082 1456 1111 hio
1480 1081 1654 1120 requiritur.

950 1124 1003 1165 ἐμὲ
1027 1136 1082 1164 pro
1103 1124 1226 1165 ἐμαυτὸν
1244 1124 1389 1159 insolens,
1410 1124 1468 1154 etsi
1488 1134 1545 1153 non
1565 1124 1655 1164 plane

950 1168 1115 1197 inauditum
1126 1167 1278 1208 (Bekkeri
1288 1168 1405 1197 Anecd.
1416 1177 1446 1205 p.
1460 1168 1513 1203 92,
1526 1165 1612 1207 16.);
1626 1171 1657 1196 et

951 1211 1059 1240 falsum
1074 1221 1142 1240 esse
1157 1212 1196 1240 ob
1211 1210 1367 1250 λαμβάνων
1381 1213 1476 1248 patet.

995 1255 1048 1288 95,
1064 1255 1115 1283 29.
1137 1252 1221 1282 οἰκίαν
1236 1255 1290 1282 τῶν
1303 1252 1388 1291 φίλων
1402 1250 1564 1290 ἐγγυτάτω.
1585 1251 1657 1280 Non

953 1296 1142 1326 solicitanda.
1167 1295 1245 1325 Vide
1261 1296 1389 1325 Porson.
1405 1295 1441 1324 ad
1457 1295 1566 1324 Phcen.
1583 1296 1657 1325 423.

802 1420 854 1458 ΙΙ.
885 1419 1083 1458 Funebris.

255 1515 321 1545 Non
338 1516 451 1556 hysiae,
466 1515 573 1546 Reisk.
589 1526 620 1554 p.
636 1518 688 1547 64.
725 1516 834 1555 Inepta
857 1517 918 1546 De-

212 1558 363 1595 clamatio,
387 1570 404 1589 a
418 1560 496 1588 malo
512 1559 660 1588 imitatore
683 1559 830 1589 Isocratis
850 1569 919 1589 con-

214 1601 370 1631 sarcinata.
408 1602 618 1640 Comparanda
641 1612 709 1630 cnm
739 1602 836 1631 Isocr.
862 1602 919 1630 Pa-

213 1653 321 1682 negyr.
351 1645 462 1682 Magna
488 1644 646 1673 difficultas
670 1644 700 1672 in
722 1654 753 1682 p.
770 1647 845 1679 196,
868 1647 919 1674 11.

214 1686 349 1715 Primum
380 1687 432 1715 vix
463 1697 564 1715 sanum
595 1690 641 1716 est
671 1688 814 1725 Σαλαμῖνι
840 1687 921 1724 apud

215 1728 344 1757 Aristot.
381 1728 434 1758 Nil
460 1729 538 1758 enim
566 1728 626 1757 dici
647 1729 746 1767 potuit
775 1730 920 1767 ineptius.

217 1772 265 1800 An
287 1771 379 1809 igitur
398 1772 540 1800 memoria
562 1771 666 1809 lapsus
694 1771 918 1809 Philosophus?

216 1814 263 1842 An
289 1813 392 1852 potius
420 1813 563 1851 sophista
593 1819 695 1842 noster
725 1814 924 1852 Epitaphium,

217 1856 405 1894 compilavit,
421 1856 499 1885 unde
522 1856 581 1885 ista
602 1855 701 1885 hausit
720 1855 922 1886 Aristoteles?

218 1898 268 1928 An
285 1903 443 1937 utrumque
459 1898 568 1927 accidit
584 1897 659 1938 (See
675 1897 793 1935 {ly-leaf
806 1899 840 1928 of
857 1900 923 1928 1.ae-

218 1940 307 1970 mar‘s
320 1939 483 1980 Aristot-)?
499 1941 661 1979 Utcunque
673 1941 736 1969 haec
753 1948 831 1975 sunt,
848 1941 869 1970 οἱ
886 1940 923 1970 ἓν-

219 1982 282 2013 Θάδε
297 1982 414 2022 κείμενοι
427 1987 484 2012 ete.
493 1988 577 2012 recte
590 1983 670 2021 capit
683 1982 791 2012 Reisk.
805 1994 837 2022 p.
849 1986 922 2013 117.

219 2026 257 2055 de
282 2026 348 2055 istis
369 2026 420 2064 qui
442 2026 617 2055 ceciderunt
636 2025 876 2064 AEgospotamis,
894 2032 925 2056 et

220 2068 305 2103 alibi,
329 2069 385 2097 sub
409 2069 497 2097 tinem
524 2069 596 2098 belli
621 2069 789 2107 Peloponn.
819 2069 924 2098 Oratio

220 2110 322 2140 habita
344 2121 411 2140 esse
436 2111 568 2149 fingitur,
587 2112 678 2149 paulo
699 2116 771 2149 post
796 2121 924 2150 pugnam

220 2153 258 2182 ad
271 2153 412 2188 Cnidum,
425 2163 456 2190 p.
468 2156 541 2190 196,
557 2156 587 2183 8.
604 2155 680 2182 unde
697 2159 799 2183 contra
815 2154 924 2193 Sophi-

221 2200 296 2224 stam
308 2196 372 2234 peti
386 2200 486 2234 potest
501 2200 716 2233 argumentum.
741 2196 835 2236 Apud
849 2207 925 2235 quos

222 2238 300 2267 enim
312 2239 451 2276 deplorat
460 2236 601 2276 ζαξβάξων
610 2237 695 2268 vim?
712 2237 805 2277 Apud
814 2238 924 2268 Athen.

222 2280 332 2318 quibus
345 2291 380 2309 ea
396 2280 526 2310 victoria
539 2281 712 2310 restituerat
727 2281 817 2310 maris
833 2281 926 2320 impe·

223 2323 300 2352 rium
314 2323 454 2363 (refectis
470 2323 575 2359 muris,
591 2334 621 2362 p.
636 2326 708 2359 196,
721 2322 790 2363 29.)
808 2324 864 2354 Vel
877 2323 926 2353 hic

224 2364 309 2394 locus
325 2366 510 2394 demonstrat
528 2365 672 2395 Isocratis
694 2367 925 2406 exscriptorem.

225 2406 275 2435 lbi
300 2408 378 2436 enim
400 2409 446 2447 (p.
469 2409 521 2438 65.
545 2407 601 2448 C.)
626 2408 724 2438 omnia
746 2413 835 2448 apta,
866 2409 926 2443 hic,

224 2449 325 2486 qualia
339 2450 416 2480 dixi.
440 2450 539 2486 Quam
550 2452 673 2480 confuse
689 2451 750 2480 ista
761 2453 800 2480 de
815 2452 926 2481 muris?

225 2492 318 2529 Quasi
336 2497 402 2521 ante
418 2492 450 2522 τὸ
465 2492 610 2522 κατελθεῖν
630 2498 689 2523 etc.
710 2496 784 2531 196,
797 2497 849 2524 30.
871 2495 927 2524 hoe

223 2534 335 2564 factum
356 2541 445 2564 esset.
477 2536 711 2574 Transponenda
727 2536 796 2572 ista,
812 2536 859 2566 καὶ
873 2537 928 2576 γάς

225 2582 285 2606 etc.
303 2587 396 2615 usque
415 2578 453 2608 ad
470 2576 636 2613 ἀνέστησαν,
656 2582 779 2616 putares
795 2584 866 2617 post
881 2580 929 2609 οὒκ

226 2617 357 2657 ἦξίωσανε
383 2620 436 2648 sed
449 2624 531 2649 vetat
550 2620 705 2659 oppositio
722 2621 800 2650 inter
814 2620 929 2653 Βουλεύ-

225 2673 315 2700 ματα
335 2667 365 2691 et
383 2660 478 2700 ἔργοις,
498 2672 564 2701 quae
583 2667 653 2692 tunc
675 2663 787 2692 nullum
808 2663 930 2693 habebit

227 2714 360 2734 sensum.
388 2706 488 2743 Quare
503 2705 540 2734 de
556 2715 587 2734 se
600 2706 702 2735 videat
717 2705 927 2743 Declamator3

227 2757 284 2785 ego
308 2757 424 2785 nequeo
448 2747 620 2777 defendere.
649 2749 716 2777 Imo
740 2755 817 2776 nnnc
839 2748 928 2777 video

226 2788 295 2824 ista,
322 2788 622 2828 ἂδελφιὶ-ἦξίωσαν,
647 2794 784 2828 spectare
810 2789 849 2819 ad
875 2790 927 2820 lin.

227 2833 278 2860 18.
296 2832 676 2870 φεύγοντες-στασίαντεςε
690 2842 780 2870 quare
791 2835 929 2871 transpo-

227 2883 265 2902 ne
278 2874 431 2914 periodos,
445 2880 477 2904 ut
489 2874 602 2911 monui,
615 2878 644 2904 et
654 2879 751 2910 verte,
762 2874 860 2904 eadem
871 2877 929 2904 suis

227 2916 352 2946 consiliis
377 2916 424 2956 (in
452 2916 542 2957 pace)
570 2917 669 2952 secuti,
695 2928 756 2957 qnae
779 2917 823 2947 illi
847 2918 927 2947 bello.

228 2957 350 3006 Olymp.
367 2960 417 2992 97,
435 2962 463 2989 2.
479 2960 611 2998 assignat
623 2960 778 2990 Simsonus
789 2960 818 2990 in
830 2959 927 2990 Chro-

228 3010 304 3031 mco.

996 1516 1070 1550 190,
1088 1516 1139 1545 28.
1162 1514 1279 1554 ἄπειροι,
1294 1514 1418 1554 explica
1431 1525 1448 1544 e
1462 1513 1600 1554 Thneyd.
1612 1514 1661 1543 ΙΙ.

953 1559 1005 1586 41.
1029 1558 1133 1586 extend
1155 1557 1230 1587 their
1245 1559 1403 1596 enter-prise
1425 1563 1454 1587 to
1467 1558 1510 1587 alt
1530 1567 1576 1586 sea
1597 1556 1659 1586 and

954 1600 1036 1628 land.
1058 1600 1138 1628 Vide
1154 1605 1184 1629 et
1198 1603 1272 1635 192,
1295 1603 1346 1631 23.
1369 1605 1399 1630 et
1422 1602 1497 1637 194⁴,
1523 1601 1574 1630 17.
1596 1603 1657 1629 etc.

955 1653 993 1671 ex
1010 1642 1149 1680 AEschyli
1163 1642 1279 1673 Persis.

997 1684 1034 1713 P.
1050 1686 1122 1720 191,
1140 1687 1170 1714 6.
1206 1685 1286 1714 Vide
1315 1684 1473 1714 Demosth.

955 1737 985 1765 p.
1000 1729 1052 1761 71,
1066 1729 1095 1757 5.
1113 1728 1153 1756 R.

999 1772 1071 1804 191,
1089 1773 1138 1799 10.
1156 1769 1251 1807 Soph.
1265 1768 1370 1810 Autig.
1384 1772 1477 1800 1016.
1489 1774 1548 1799 etc.
1563 1771 1656 1799 1041.

956 1816 1014 1840 etc.

999 1856 1138 1888 191,19.
1172 1854 1296 1893 πρότέρσν
1318 1859 1502 1892 suspectum,
1534 1854 1657 1893 ὁμονοοῦ-

956 1907 1018 1931 σαν,
1032 1898 1103 1932 194,
1115 1896 1169 1927 35.
1181 1898 1405 1932 ἀπαντήσαντες,
1416 1900 1489 1933 195,
1502 1900 1554 1928 27.
1564 1903 1594 1926 et
1606 1899 1657 1928 29-

999 1940 1284 1990 192,11.ὑπῆςχε
1303 1941 1363 1973 τοῖς
1381 1957 1424 1962 -
1438 1939 1574 1979 προγόνοις
1601 1938 1660 1979 psi

956 1981 1051 2030 γνώμῃ
1066 1980 1217 2022 χρωμένοις
1230 2000 1273 2005 -——-
1287 1981 1502 2023 διαμάχεσθαι.
1527 1982 1659 2012 Concin-

958 2024 1025 2053 nius
1041 2024 1209 2065 χρωμένους.

994 2070 1073 2102 192,
1090 2070 1140 2098 31.
1154 2067 1204 2097 Ad
1220 2067 1316 2097 Arist.
1329 2068 1411 2097 Plut.
1429 2070 1523 2098 1027.

1505 1684 1584 1714 Phil.
1610 1684 1659 1714 ΙΙ.

1000 2111 1074 2145 193,
1091 2113 1119 2139 1.
1142 2110 1186 2140 διὰ
1211 2110 1257 2140 τὸν
1279 2110 1380 2149 [πᾶσιν
1397 2110 1583 2150 ὀφειλόμενον]
1601 2110 1659 2140 θά-

957 2162 1045 2182 νατον.
1061 2153 1109 2182 vel
1135 2153 1234 2191 potius
1257 2152 1356 2182 omnia
1377 2154 1440 2182 hoec
1467 2154 1546 2184 dele.
1569 2155 1659 2183 Gete-

957 2205 1022 2223 rnm
1038 2195 1141 2224 confer
1157 2195 1264 2234 Eurip.
1278 2195 1385 2234 Suppl.
1401 2196 1473 2227 544.
1487 2197 1534 2227 ed.
1545 2195 1661 2226 Markl-

959 2237 1057 2268 Gaisf.
1072 2238 1111 2276 Q.
1128 2248 1162 2267 an
1178 2238 1239 2276 leg.
1251 2238 1296 2267 διὸ,
1310 2237 1342 2266 τὸ
1356 2237 1464 2268 θνητόν.

1003 2280 1076 2320 [81]
1108 2282 1181 2319 193,
1206 2283 1256 2311 12.
1279 2281 1323 2309 Αη
1350 2281 1412 2310 del.
1435 2279 1559 2320 Ξέρξης-ἓ
1580 2280 1661 2311 Vide

960 2321 1008 2350 hic
1024 2333 1055 2361 p.
1071 2324 1144 2353 215.
1167 2323 1227 2352 Sed
1240 2323 1343 2352 eadem
1359 2325 1490 2352 manebit
1504 2323 1596 2352 diffie.

1004 2367 1077 2404 193,
1092 2367 1144 2394 31.
1166 2366 1370 2404 Ambiguum:
1403 2365 1445 2400 οὓς
1468 2366 1546 2395 αὐτοὶ
1567 2366 1662 2404 φυλά-

960 2405 1015 2444 ξειν
1029 2407 1119 2446 ᾤοντο,
1142 2418 1190 2443 an,
1209 2407 1251 2442 οὓς
1271 2407 1351 2447 ᾤ’ῡντο
1373 2407 1504 2447 φυλάξειν
1525 2409 1573 2438 τὴν
1589 2408 1662 2449 πάρ-

962 2449 1029 2480 οδον.
1043 2451 1112 2479 Hoc
1126 2456 1218 2489 puto3
1242 2451 1294 2480 sed
1308 2450 1406 2479 malim
1423 2449 1465 2483 οὓς
1476 2456 1612 2489 συμφυλ.

1004 2495 1078 2528 194,
1099 2496 1129 2523 9.
1157 2491 1313 2533 πξοειδὲναι.
1336 2493 1544 2531 Soph.Antig.
1561 2495 1634 2523 460.

1005 2538 1079 2571 194,
1092 2538 1144 2565 22.
1159 2535 1267 2574 Lysias
1279 2545 1310 2573 p.
1323 2537 1393 2570 163,
1409 2537 1460 2565 40.

1006 2580 1079 2613 194,
1097 2580 1151 2609 32.
1176 2588 1215 2607 ex
1230 2577 1368 2616 Thucyd.
1396 2578 1424 2607 Ι.
1458 2579 1510 2607 74.
1533 2581 1564 2607 et
1590 2587 1662 2608 mox

964 2622 1038 2656 194,
1054 2621 1107 2650 43.

1005 2664 1145 2697 194,33.
1174 2659 1276 2691 καίτοι.
1305 2661 1373 2691 Νοη
1395 2661 1543 2699 intelligo.
1568 2663 1663 2702 igitur

963 2704 1049 2743 Tayl.
1066 2709 1096 2734 et
1125 2703 1233 2733 Reisk.
1265 2702 1314 2732 An
1335 2703 1384 2732 καὶ
1410 2705 1474 2742 γὰρ,
1499 2707 1533 2732 ut
1554 2704 1664 2739 τούτοις

962 2747 1108 2776 referatur
1142 2756 1200 2775 non
1225 2746 1263 2775 ad
1291 2745 1502 2782 Athenienses,
1531 2746 1586 2775 sed
1622 2747 1661 2776 ad

962 2789 1070 2829 γνώμῃ,
1085 2795 1146 2818 ωλ.
1163 2787 1211 2818 καὶ
1223 2789 1266 2828 ἐς.
1283 2789 1374 2817 Certe
1384 2788 1441 2818 hoo
1457 2798 1524 2818 esse
1539 2788 1661 2818 videtur

962 2831 1142 2870 epexegesis
1165 2831 1365 2870 superiorum,
1381 2831 1512 2861 πλεῖστα
1527 2830 1575 2860 καὶ
1588 2831 1660 2861 κάλ-

962 2879 1064 2903 λιστα.

1005 2917 1077 2950 195,
1094 2918 1145 2946 21.
1160 2917 1198 2954 Q.
1209 2926 1244 2945 an
1261 2926 1375 2952 sensus,
1388 2914 1660 2957 τῶνμὲν(ἔχθρῶν),

963 2960 1016 2988 τῶν
1025 2957 1052 2988 δὲ
1067 2957 1204 2998 (φίλωνᾚ
