1839 3229
239 196 318 236 114
804 199 835 239 I.
868 198 1128 241 TAYLORI

237 301 556 342 Quemadmodum
573 302 645 338 fere
673 303 781 339 Cives
797 306 908 340 nostri
934 306 1184 341 Londinenses
1202 316 1273 341 non
1297 307 1451 341 istorum
1477 307 1551 341 sive
1576 305 1694 341 Colle-

235 355 378 400 giorum
394 356 470 391 sive
486 358 725 394 Sodalitatum
743 360 827 405 jure
844 363 1007 405 utuntur,
1026 371 1179 406 quorum
1194 362 1405 406 quaestibus,
1420 372 1543 396 verum
1562 364 1603 396 ut
1617 361 1698 395 uni-

236 411 369 455 cuique
386 422 517 446 nomen
536 414 691 456 profiteri
710 414 924 448 conlibitum
942 418 997 449 est
1013 416 1182 450 maxime.
1217 416 1361 450 Deinde
1381 416 1608 454 Plutarchus,
1619 415 1697 458 jam

236 475 307 499 non
328 466 484 501 Lini-arii
508 469 610 509 xicin,
630 471 690 502 sed
711 481 774 502 sno
800 472 1071 513 expurgandus,
1095 474 1129 504 in
1160 472 1323 515 prosapia
1350 471 1553 506 Andocidis
1583 470 1699 504 dedu-

237 522 354 554 cenda
372 523 495 557 maluit
519 524 682 557 l'liotinm
702 530 888 567 sequutus,
908 525 1097 559 Oratorem
1124 538 1172 559 ex
1198 527 1396 568 Mercurio,
1414 536 1521 570 qnam
1539 526 1698 568 seipsum

236 574 365 609 invita
383 578 593 619 Alcibiadis,
612 590 659 611 ex
683 579 809 622 Ulysse
827 580 998 625 derivat-Q
1046 581 1176 625 Neque
1195 581 1271 614 haec
1289 581 1372 615 dico
1391 581 1533 614 nescius
1547 579 1699 623 perinde

237 639 327 673 esse,
344 632 525 674 testeipso
545 632 673 675 Ulysse
690 633 786 675 apud
807 633 918 666 Ovid.
938 633 1032 668 Met.
1053 635 1270 669 X111.146.

471 706 495 722 “
516 705 583 738 Est
599 717 745 750 quoque
763 718 824 750 pcr
842 711 990 741 matrem
1010 708 1169 751 Cyllenis
1186 709 1310 742 addita
1326 708 1431 742 nobis

512 761 642 795 Altera
660 762 871 797 nol›ilitas:''

236 841 360 865 verum
380 834 422 864 ut
446 841 626 870 moneam,
647 835 822 875 quantum
844 832 989 865 scliedae
1015 832 1201 866 Photianae
1219 834 1264 867 ob
1282 834 1406 867 oculos
1429 832 1556 876 positae
1574 831 1699 866 value-

236 885 307 918 rint
327 896 400 929 prae
419 887 531 930 ipsius
550 887 731 920 Plutarchi
748 888 1026 928 commentariis,
1045 889 1106 932 qui
1126 888 1273 921 sortasse
1291 889 1335 921 ad
1354 899 1498 921 manum
1518 887 1702 930 scriptoris

236 939 271 973 in
288 939 341 972 his
353 940 435 973 vitis
446 941 706 974 concinnandis
720 952 789 975 non
805 946 919 976 erant.
960 943 1092 975 Verum
1112 943 1239 986 pergit,
1255 946 1291 976 et
1304 953 1388 976 cum
1403 943 1519 975 classe
1538 941 1621 976 XX
1638 953 1701 975 na-

236 992 337 1027 vium
357 996 463 1028 refert
482 996 717 1030 Andocidem
731 997 879 1030 missum
896 997 938 1030 ad
958 998 1138 1030 auxilinm
1158 997 1356 1040 Corcyraeis
1369 997 1558 1031 ferendum
1577 999 1703 1030 contra

238 1048 455 1083 Corinthios.
485 1050 667 1083 lnstructa
685 1055 762 1083 crat
777 1051 900 1084 classis
916 1051 977 1084 illa
992 1051 1137 1096 Ulymp.
1156 1051 1390 1086 LXXXVI.
1406 1054 1437 1084 l.
1453 1061 1525 1095 quo
1538 1053 1702 1094 tempore

236 1115 371 1138 annum
396 1106 530 1148 agebat
546 1106 757 1139 Andocides
784 1106 934 1140 331inm.
987 1107 1184 1140 Confirmat
1203 1118 1284 1140 vero
1308 1107 1433 1150 Lysias
1457 1104 1511 1152 [p.
1541 1108 1620 1139 129.
1642 1105 1700 1139 ed.

234 1158 360 1207 Tayl.]
373 1172 455 1194 eum
469 1161 793 1205 quadragenarium
815 1171 1003 1205 nunquam
1016 1161 1145 1194 obiisse
1158 1172 1291 1195 munus
1307 1162 1448 1203 ἱππέως,
1461 1161 1602 1194 ὁπλίτου
1613 1169 1703 1193 nun-

236 1225 359 1259 quam,
372 1226 441 1249 non
458 1217 725 1260 τριηράρχου,
741 1226 810 1249 non
829 1218 1004 1259 ἐπιβάτου.
1033 1216 1105 1257 Qui
1121 1217 1228 1259 igitur
1239 1218 1342 1250 classi
1362 1216 1520 1261 praefuit,
1535 1219 1610 1248 erat
1627 1215 1704 1248 An·

236 1269 394 1309 docides,
407 1271 582 1313 Leogorae
596 1272 742 1315 quidem
757 1271 975 1313 filius‚nostri
989 1282 1073 1305 vero
1087 1283 1176 1305 avus
1188 1276 1370 1316 paternus,
1384 1277 1423 1304 ut
1435 1271 1518 1304 olim
1532 1270 1702 1304 vidimus

156 1325 216 1355 691
235 1324 393 1359 solenne
411 1326 479 1359 fuit
496 1326 783 1360 Atheniensibus
801 1327 946 1360 nomina
972 1327 1005 1360 in
1025 1327 1165 1361 familiis
1187 1329 1376 1369 alternare,
1395 1330 1437 1361 τὰ
1454 1329 1606 1371 ὀνόματα
1623 1326 1703 1371 παρ’

235 1380 401 1421 ἀλλήλων
419 1382 760 1426 παραλαμβάνεσθαι,
779 1384 821 1415 ut
837 1383 995 1426 loquitur
1010 1382 1145 1416 Orator
1162 1394 1194 1417 c.
1214 1384 1412 1416 Macartat.
1455 1383 1538 1416 Lex
1555 1382 1703 1415 fortasse

235 1432 272 1467 id
288 1445 358 1467 non
372 1434 648 1477 jussit‚jusscrc
663 1438 785 1468 tamen
805 1436 1053 1480 mores‚jnssit
1065 1438 1310 1471 consuetudo:
1330 1448 1447 1481 coque
1465 1438 1585 1470 animo
1599 1435 1704 1470 intel-

234 1487 308 1532 ligo
326 1490 443 1522 locum
463 1491 568 1523 istum
589 1490 751 1533 ejusdem
770 1491 946 1524 auctoris:
966 1494 1014 1524 Τὰ
1031 1493 1057 1524 δ’
1071 1494 1221 1537 ὀνόματα
1234 1494 1358 1537 ἐθέμην
1376 1494 1562 1531 τούτοις-
1580 1495 1627 1535 τῷ
1641 1493 1705 1535 μὲν

235 1546 458 1588 πρεσβυτάτῳ
476 1549 514 1579 τὸ
528 1550 585 1579 τοῦ
601 1549 729 1591 πατρὸς
745 1550 802 1580 τοῦ
826 1549 968 1591 ἐμαυτοῦ
986 1550 1090 1592 ὄνομα
1112 1551 1257 1589 Σωσίαν,
1285 1550 1329 1588 ὡς
1352 1549 1515 1582 δίκαιόν
1538 1550 1618 1581 ἐστι·
1647 1549 1703 1580 καὶ

236 1600 392 1633 ἀπέδωκα
415 1604 464 1644 τῷ
489 1603 710 1645 πρεσβυτάτῳ
737 1605 834 1635 τοῦτο
863 1605 900 1635 τὸ
927 1604 1044 1646 ὄνομα.
1094 1603 1199 1636 Idem
1227 1608 1352 1637 contra
1367 1604 1565 1638 Boeotum:
1593 1604 1706 1639 ἀξιοῖ

235 1653 260 1687 δ’
279 1656 392 1694 αὐτὸς.
411 1656 455 1695 ὡς
479 1656 518 1697 δὴ
545 1657 768 1700 πρεσβύτερος
795 1659 842 1690 ὢν
869 1658 1002 1702 τοῦνομ’
1021 1659 1112 1701 ἔχειν
1136 1661 1173 1692 τὸ
1201 1662 1258 1692 τοῦ
1288 1661 1372 1702 πρὸς
1390 1661 1518 1704 πατρὸς
1541 1659 1702 1691 πάππου.

233 1708 328 1742 Inde
353 1709 543 1744 Miltiades
561 1711 723 1745 Cimonis
740 1710 833 1745 filius
857 1715 893 1745 et
920 1713 1026 1746 Cimo
1053 1712 1248 1757 Miltiadis,
1271 1716 1308 1746 et
1327 1713 1427 1758 quod
1444 1714 1495 1747 ait
1519 1711 1702 1757 Aris-toph.

233 1765 304 1797 Av.
322 1765 404 1798 284.

512 1838 710 1878 Ἱππόνικος
728 1842 880 1873 Καλλίου
897 1842 958 1884 κᾴέ
975 1842 1175 1873 Ἰππονίκου
1192 1841 1358 1879 Καλλίας.

233 1915 279 1947 ad
298 1925 406 1958 quem
424 1917 544 1949 locum
556 1917 630 1950 vid.
649 1917 801 1951 Palmer.
821 1919 856 1950 in
871 1917 1035 1951 Exercit.
1054 1917 1263 1961 Spanheim.
1275 1916 1321 1950 ad
1336 1916 1435 1950 Nub.
1451 1917 1633 1962 Aristoph.
1646 1921 1702 1953 64.

469 1996 493 2011 ‘⁴
513 1993 611 2028 Vota
628 1999 733 2038 pater
751 1995 870 2037 solvit,
890 2006 1097 2040 nomenque
1113 1995 1271 2039 imponit
1288 1996 1446 2030 avitum:

515 2049 615 2093 Iphis
634 2060 719 2083 avus
737 2049 890 2083 fuerat.''

236 2129 344 2162 Ovid.
364 2128 458 2162 Met.
478 2128 553 2162 IX.
568 2132 649 2164 707.
702 2129 842 2163 Iterum
861 2129 1094 2164 Plutarchus.
1144 2130 1356 2164 Andocides
1373 2132 1451 2164 erat
1469 2130 1646 2174 Leogorae
1663 2132 1703 2164 fi-

234 2183 316 2224 lius,
333 2184 439 2217 istius
456 2193 504 2217 sc.
524 2183 588 2228 qui
615 2194 744 2227 pacem
767 2195 850 2218 cum
878 2184 1171 2218 Lacedaemoniis
1193 2185 1288 2219 fecit.
1337 2185 1389 2219 Ut
1405 2185 1441 2219 in
1459 2185 1704 2229 superioribus

234 2238 306 2272 Avi
335 2248 393 2271 res
410 2240 532 2281 gestas
550 2238 596 2271 ad
614 2238 809 2283 Nepotem,
828 2239 885 2273 hic
904 2239 948 2273 ad
969 2239 1102 2274 Filium
1124 2240 1318 2273 transtulit.
1364 2240 1486 2274 Testis
1508 2242 1563 2273 est
1578 2239 1704 2274 Ando-

235 2293 335 2327 cides
352 2293 429 2336 ipse
446 2293 483 2326 in
503 2293 605 2327 Orat.
624 2293 669 2326 de
687 2304 798 2337 pace:
826 2297 893 2329 Καὶ
911 2295 1081 2339 ᾑρέθησαν
1099 2294 1176 2328 δέκα
1198 2295 1317 2339 ἄνδρες
1333 2296 1365 2333 ἐξ
1379 2295 1573 2337 Ἀθηναίων
1589 2295 1705 2329 ἁπάν-

236 2361 304 2382 των
321 2348 477 2392 πρέσβεις
493 2349 538 2389 εἷς
555 2348 788 2394 Λακεδαίμονα
806 2353 880 2394 περὶ
898 2351 1032 2395 εἰρήνης
1047 2351 1299 2396 αὐτοκράτορες·
1329 2346 1377 2385 ὧν
1400 2347 1446 2391 ἦν
1470 2350 1666 2391 Ἀνδοκίδης
1685 2350 1703 2382 ὃ

236 2404 383 2444 πάππος
400 2405 417 2438 ὁ
434 2405 600 2449 ἡμέτερος.
650 2405 822 2439 Notabile
840 2408 906 2448 est,
919 2405 1021 2450 quod
1038 2406 1250 2450 ubieunque
1266 2405 1325 2439 liic
1340 2405 1492 2449 scriptor
1509 2404 1556 2438 ab
1577 2413 1704 2438 exem-

235 2460 325 2503 plari
352 2460 530 2494 Photiano
556 2460 734 2503 discedat,
761 2461 811 2494 ibi
836 2461 874 2495 in
899 2472 1034 2494 errores
1058 2462 1237 2495 maximos
1264 2460 1413 2494 incidat.
1462 2459 1578 2493 Addit
1605 2458 1704 2493 idem

236 2514 336 2547 circa
352 2514 472 2557 finem,
489 2514 720 2549 Andocidem
738 2515 774 2548 in
792 2515 965 2549 aedilitate
982 2516 1154 2549 victorem
1172 2514 1350 2559 tripodem
1364 2512 1528 2558 posuisse
1543 2514 1704 2558 ἄντικρυς

236 2570 295 2603 τοῦ
313 2571 460 2613 πωρίνου
486 2571 631 2603 σελίνου.
681 2570 875 2604 Neminem
894 2569 983 2612 vidi,
1001 2580 1109 2615 quem
1128 2580 1201 2603 non
1227 2568 1456 2603 excruciavit
1476 2567 1577 2602 istud
1600 2569 1704 2613 πωρί-

235 2637 297 2657 νου
317 2626 472 2657 σελίνουε
502 2624 624 2657 Porini
647 2624 770 2664 Selini,
785 2629 827 2658 ut
843 2629 1001 2659 vertunt.
1052 2625 1160 2670 Quod
1179 2624 1298 2658 miror.
1348 2623 1447 2657 Nihil
1465 2624 1703 2669 frequentius,

235 2689 344 2722 quam
363 2681 405 2711 ut
421 2678 542 2712 Grzeci
558 2679 681 2712 dicant
697 2680 830 2712 λίθινον
845 2680 975 2723 Ἐρμήν
992 2689 1055 2723 pro
1069 2679 1214 2721 lapidea
1230 2679 1350 2711 statua
1368 2678 1553 2711 Mercurii.
1596 2678 1704 2711 Idem

235 2733 308 2767 fere
326 2735 433 2775 esset,
449 2733 477 2766 si
495 2733 676 2766 dixissent
694 2736 842 2777 πώρινον
857 2744 865 2767 2
894 2736 1056 2778 Πώρινος,
1077 2735 1220 2774 λίθινος,
1240 2734 1257 2766 ὁ
1271 2733 1304 2765 δὲ
1322 2736 1433 2776 πῶρος
1449 2734 1486 2766 οὐ
1510 2735 1580 2771 πᾶς
1595 2733 1702 2774 λίθος,

237 2788 398 2832 Hesych.
411 2788 499 2822 Vid.
518 2788 697 2821 Hcrodot.
711 2782 896 2832 'I‘ei-psich.
915 2791 972 2822 62.
1001 2789 1217 2832 Συγκειμὲνου
1236 2795 1291 2832 σφι
1305 2790 1457 2832 Πωρίνου
1470 2789 1564 2820 λίθου
1581 2787 1703 2821 ποιέειν

235 2847 296 2878 τὸν
323 2848 420 2885 νηὸν,
439 2846 566 2889 Παρίου
583 2846 625 2877 τὰ
642 2845 830 2888 ἔμπροσθεν
856 2846 959 2877 αὑτοῦ
988 2846 1198 2884 ἐξεποίησαν.
1250 2845 1408 2877 Pausan.
1435 2843 1552 2876 Elim).
1573 2842 1627 2876 ΙΙ.
1648 2842 1703 2876 19.

230 2899 326 2933 Ἔστι
342 2900 372 2932 δὲ
391 2901 485 2932 λίθου
504 2901 651 2944 πωρίνου
669 2901 790 2942 κρηπὶς
808 2901 843 2931 ἐν
859 2903 900 2943 τῇ
918 2899 1050 2932 ”Αλτει.
1085 2899 1217 2931 Porum
1236 2898 1395 2941 lapidem
1414 2900 1588 2931 memorat
1605 2896 1700 2930 Ptin.

236 2955 437 2989 XXXVI.
452 2958 486 2990 6.
508 2957 566 2990 fin.
588 2959 625 2989 et
643 2955 843 2989 XXXVI.
863 2958 920 2988 17.
950 2957 972 2972 “
986 2955 1115 2989 Mitior
1130 2958 1184 2988 est
1203 2959 1325 2988 antem
1344 2954 1527 2988 servandis
1544 2951 1702 2996 corpori-

234 3010 302 3045 bus
320 3021 387 3046 nec
402 3011 635 3046 absumendis
652 3011 846 3052 chernites,
860 3010 959 3045 ebori
977 3010 1190 3047 simillimus,
1203 3010 1238 3044 in
1258 3021 1332 3054 quo
1350 3010 1501 3044 Darium
1516 3008 1701 3042 conditum
