1819 3219
616 197 943 241 PRAEFATIO.
1476 198 1497 235 7

116 309 312 350 Diodorus
333 306 476 345 Valerii
505 306 691 344 Pollionis
711 303 963 342 Alexandrini
984 303 1025 341 F.
1047 303 1119 339 sub
1145 302 1316 340 Adriano
1342 303 1433 340 vixit
1464 309 1503 340 et

60 371 339 412 enarrationem
363 368 516 419 scripsit
544 369 718 406 locorum
744 366 1015 411 difficiliorum,
1036 377 1122 414 quae
1150 363 1187 400 in
1209 364 1244 400 X
1268 364 1500 402 Oratoribus

59 433 314 472 inveniuntur.
372 430 482 468 Suid.
501 430 539 466 in
556 429 718 466 Πωλίων
738 435 775 465 et
795 427 990 477 Διόδωρος.

113 495 286 533 Zosimus
313 494 483 531 Gazaeus
512 491 572 529 vel
600 489 854 534 Ascalonites‚
875 489 940 539 qui
968 488 1040 525 sub
1059 486 1267 524 Anastasio
1287 485 1391 530 vixit,
1411 485 1501 522 scri-

61 556 139 608 psit
163 561 305 607 praeter
328 555 497 593 Lexicon
527 552 795 595 Rhetoricum‚
817 549 1123 588 Commentarios
1144 548 1181 585 in
1201 547 1504 585 Demosthenem

60 623 100 655 et
121 615 309 667 Lysiam*
364 614 616 653 Interfectum
637 625 659 650 a
681 613 841 649 Zenone
862 611 960 661 Imp.
981 609 1100 647 refert
1119 608 1316 646 Cedrenus
1343 620 1383 658 p.
1412 611 1503 645 291.

63 678 131 729 qui
151 678 348 716 Zosimum
366 676 486 713 virum
508 673 756 725 spectabilem
777 678 904 710 vocat.
959 670 1329 720 Perierunt-utique,
1353 682 1439 719 quae
1467 669 1506 706 in

62 745 236 778 nostrum
257 738 439 789 scripsit:
462 743 629 775 attamen
643 734 784 772 Zosimi
800 733 1035 772 Ascalonitae
1056 732 1201 770 scholia
1217 732 1255 769 in
1277 730 1506 769 Demosthe-

63 814 151 840 nem
171 801 324 839 diversa
343 799 393 837 ab
413 798 570 850 Ulpiani
589 797 743 836 scholiis
771 802 970 834 servantur
996 794 1111 833 hodie
1144 793 1288 831 inedita
1317 806 1392 830 una
1418 806 1506 830 eum

64 862 340 901 Demosthenis
374 861 614 899 orationibus
645 861 684 898 in
717 859 961 898 Bibliotheca
988 857 1189 904 Vaticana,
1220 861 1264 894 ut
1296 870 1341 894 ex
1368 855 1510 906 Ryckii

66 925 255 974 Catalogo
288 923 374 961 MS.
403 923 536 961 didici.
593 923 788 973 Excerpta
822 935 868 959 ex
899 919 1074 969 ejusdem
1104 918 1202 955 libro
1221 920 1300 968 περὶ
1320 915 1510 969 πρέσβεων

66 986 263 1037 Ῥωμαίων
281 986 373 1036 πρὸς
390 984 581 1027 Έὲινικούς
600 984 693 1022 ibid.
722 989 904 1021 memorat
924 987 1072 1019 exstare
1095 981 1197 1018 idem
1219 979 1392 1030 Ryckius
1409 993 1418 1017 ε
1440 980 1511 1016 Zo-

67 1047 151 1085 simi
177 1047 216 1085 in
244 1047 522 1086 Demosthenis
551 1044 791 1096 Philippicas
824 1044 994 1081 Lexicon
1030 1043 1067 1080 in
1103 1043 1236 1079 eadem
1270 1041 1513 1079 Bibliotheca

67 1110 276 1149 Labbaeus.
332 1106 427 1159 Ejus
447 1109 484 1146 in
513 1109 817 1146 Demosthenem
837 1106 1061 1145 Orationem
1084 1106 1167 1143 Leo
1189 1105 1353 1143 Allatius
1373 1105 1512 1156 Συμμι-

70 1179 164 1210 κτῶν
183 1172 249 1209 lib.
270 1175 308 1211 ’7.
329 1171 464 1208 Latine
496 1171 620 1209 vertit.
677 1170 769 1207 Vid.
792 1168 942 1207 Fabric.
965 1167 1150 1205 Biblioth.
1172 1167 1243 1205 Gr.
1262 1167 1373 1205 Tom.
1403 1169 1513 1206 XIV.

66 1247 155 1284 pag.
169 1238 234 1272 15.
255 1236 322 1283 qui
342 1233 483 1270 ibidem
504 1237 687 1270 memorat
700 1231 833 1269 Virum
854 1230 1149 1268 eruditissimum
1168 1229 1411 1266 Franciscum
1429 1229 1514 1266 Sal-

67 1294 240 1332 monium
260 1294 493 1331 Praefectum
510 1293 766 1330 Bibliothecae
801 1292 1027 1329 Sorbonicae
1056 1291 1196 1328 habere
1225 1291 1310 1328 MS.
1339 1290 1513 1340 ejusdem

68 1356 374 1396 lucubrationem
394 1359 446 1398 εἷς
466 1356 530 1393 τὸν
549 1353 637 1403 βίον
656 1360 718 1392 τοῦ
737 1353 1012 1405 Δημοσθένους.

124 1419 169 1456 In
189 1418 359 1463 eosdem,
374 1417 526 1469 Lysiam
548 1430 602 1454 se.
623 1422 662 1454 et
682 1415 997 1461 Demosthenem,
1019 1414 1176 1464 scripsit
1197 1416 1300 1452 Zeno
1321 1414 1515 1460 Citiensis,

74 1481 227 1519 Zenone
244 1479 479 1529 Philosopho
497 1478 639 1515 Stoicae
656 1477 870 1527 disciplinae
886 1483 1057 1522 auctore,
1079 1477 1145 1526 qui
1164 1476 1338 1526 ejusdem
1361 1490 1518 1528 quoque

71 1542 246 1580 Civitatis
276 1548 372 1591 erat,
405 1540 534 1578 multis
561 1540 667 1577 annis
694 1539 838 1589 junior.
896 1538 1062 1576 Videtur
1089 1538 1275 1588 allegari†
1297 1552 1318 1576 a
1348 1540 1519 1590 Sulpicio

70 1604 231 1642 Victore
253 1603 291 1641 in
311 1602 482 1640 Institut.
500 1602 611 1639 Orat.
639 1602 686 1639 ad
716 1601 887 1639 Silonem
914 1613 1109 1650 generum,
1130 1613 1153 1638 a
1183 1601 1399 1639 Scholiaste
1422 1603 1519 1640 Her-

73 1667 244 1716 mogenis
263 1679 304 1715 p.
323 1668 414 1702 362.
441 1669 480 1701 et
501 1664 550 1701 ab
572 1663 744 1714 Ulpiano
773 1663 883 1713 praef.
913 1663 1281 1701 Commentariorum
1314 1664 1350 1701 in
1375 1665 1519 1702 Demo-

74 1728 260 1767 sthenem.

129 1789 190 1826 De
206 1789 459 1839 Antiphontis
480 1787 623 1838 figuris,
654 1789 703 1827 de
724 1789 849 1840 Lysiae
875 1795 913 1826 et
939 1788 1149 1840 Hyperidis
1171 1778 1410 1826 orationibus
1427 1788 1522 1826 scri-

75 1851 152 1901 psit
179 1850 295 1888 Caius
326 1850 583 1900 Harpocratio
608 1851 805 1900 Sophista.
865 1851 921 1888 De
956 1850 1043 1894 illis,
1073 1862 1160 1899 quae
1195 1850 1380 1887 Oratores
1413 1850 1520 1900 igno-

75 1926 178 1952 rasse
195 1912 386 1956 videntur,
407 1912 455 1949 de
481 1911 611 1950 formis
627 1908 869 1957 Orationum,
887 1912 1119 1949 Ementitain
1142 1924 1225 1948 esse
1242 1911 1430 1949 Herodoti
1454 1913 1524 1949 Hi-

79 1975 232 2014 storiam
245 1974 342 2024 (sive
356 1980 399 2012 ut
415 1973 572 2012 Suidam
589 1975 785 2012 emendari
800 1974 895 2012 velit
911 1973 1164 2010 Casaubonus
1181 1972 1217 2009 in
1236 1973 1335 2009 notis
1350 1974 1463 2011 MSS.
1475 1974 1522 2012 ad

78 2038 321 2076 Herodotum
351 2038 428 2087 περὶ
450 2042 512 2074 τοῦ
536 2039 576 2074 οὐ
609 2039 852 2086 κατεψεῦσθαι
877 2040 944 2082 τὴν
960 2035 1156 2084 Ἡροδότου
1173 2035 1356 2086 ἱστορίαν)
1377 2042 1522 2074 cetera-

79 2113 154 2150 que
174 2101 293 2137 AElius
310 2098 591 2148 Harpocratio..
637 2098 728 2135 Vid.
750 2097 855 2135 Suid.
898 2097 1043 2146 Meurs.
1066 2095 1186 2134 Attio.
1209 2097 1317 2133 Lect.
1339 2097 1410 2133 VI.
1433 2102 1470 2135 2.

134 2161 275 2199 Utilem
306 2166 409 2198 certe
436 2173 592 2210 operam
625 2166 812 2197 navarunt
839 2158 1100 2197 Callimachus
1129 2157 1270 2207 aliique.
1304 2171 1351 2195 ex
1384 2159 1528 2197 Schola

82 2223 317 2272 Pergamena
345 2223 384 2260 in
410 2223 549 2261 tabulis
577 2220 841 2266 conficiendis,
865 2233 960 2270 quas
979 2222 1136 2261 πίνακας
1156 2228 1195 2256 et
1213 2220 1437 2271 ἀναγραφὰς
1458 2234 1526 2258 vo-

82 2291 227 2324 carent.
282 2284 326 2321 In
342 2298 404 2322 eas
425 2290 625 2322 auctorum
641 2289 808 2328 aetatem,
831 2295 962 2333 genus,
977 2287 1016 2319 et
1032 2282 1198 2331 seripta;
1220 2281 1447 2330 scriptorum
1469 2296 1528 2320 ar-

83 2351 320 2397 gumentum,
342 2345 494 2383 initium
519 2353 559 2383 et
585 2358 782 2382 numerum
810 2344 990 2382 distincte
1013 2342 1246 2387 referebant,
1270 2349 1308 2380 et
1328 2356 1415 2393 quae
1437 2357 1527 2394 sup·-

82 2407 256 2459 posititia
276 2413 385 2445 erant
401 2420 422 2445 a
443 2407 543 2445 veris
564 2407 827 2457 segregabant.
869 2404 1106 2455 Hujusrnodi
1123 2404 1262 2442 πίνακα
1279 2405 1529 2444 παντοδαπῶν

85 2470 388 2521 συγγραμμάτων
404 2469 581 2507 instruxit
601 2468 876 2512 Callimachus,
894 2475 935 2505 ut
955 2473 1088 2504 notum
1110 2472 1168 2503 est
1187 2480 1233 2503 ex
1253 2467 1467 2505 Athenaeo:
1485 2468 1530 2504 In

84 2536 210 2570 πίνακι
238 2544 304 2569 seu
330 2533 531 2585 ἀναγραφῇ
557 2531 752 2581 ῥητορικῶν
770 2530 864 2578 (Sive
883 2529 1059 2580 ῥητόρων)
1081 2535 1118 2565 et
1138 2529 1178 2565 ἐν
1198 2533 1275 2570 τοῖς
1293 2529 1443 2579 ῥήτορσι
1474 2529 1531 2567 di-

85 2600 184 2632 serte
205 2600 244 2631 et
263 2593 462 2644 speciatim
481 2594 623 2630 citatur
642 2592 691 2629 ab
711 2591 951 2639 antiquorum
975 2604 1052 2628 non
1074 2590 1236 2627 nemine.
1287 2590 1344 2627 Ex
1365 2604 1410 2627 eo
1430 2590 1532 2628 scili-

87 2662 150 2694 cet
177 2668 296 2705 opere
315 2654 484 2700 fuerunt,
504 2667 592 2704 quae
619 2653 751 2691 laudat
778 2653 990 2703 Dionysius
1011 2653 1140 2690 Halic.
1162 2652 1211 2689 de
1232 2652 1457 2689 Callimachi
1479 2652 1532 2688 la-

34 2730 36 2733 ·
85 2716 243 2754 boribus
264 2716 302 2752 in
322 2715 504 2765 antiquos
525 2715 709 2753 Oratores
730 2715 946 2764 praestitis.‡
1003 2714 1144 2751 Verum
1168 2726 1256 2750 curn
1278 2726 1414 2749 munus
1437 2711 1531 2749 illud

128 2812 148 2830 ²*
166 2813 213 2841 Ex
228 2810 333 2840 Suida.
828 2809 1020 2849 Καλλίμαχος
1036 2809 1103 2849 περὶ
1122 2807 1255 2848 Φερενίκου
1271 2808 1338 2846 ὑπὲρ
1363 2809 1412 2836 τοῦ
1428 2806 1535 2849 Ἀνδξο-

129 2857 143 2885 †
159 2853 287 2883 Zenonis
311 2853 455 2883 Rhetoris
481 2853 646 2892 praeceptis
673 2859 705 2882 se
731 2863 794 2882 ma·
828 2852 934 2882 κλείδου
948 2853 1056 2892 κλήρου.
1076 2852 1201 2889 Dionys.
1215 2852 1244 2879 in
1260 2852 1349 2879 lsaeo.
1383 2849 1414 2879 ι0
1432 2850 1458 2880 δὲ
1476 2853 1538 2893 περὶ

89 2896 169 2925 xime
180 2907 267 2926 usum
282 2896 375 2926 fuisse
389 2902 518 2926 testatur
534 2896 689 2936 Sulpicius
705 2896 793 2925 initio
827 2898 876 2925 ’τὶν
890 2894 1059 2926 ἔπιες-τολὺν,
1075 2894 1122 2922 καὶ
1137 2896 1202 2926 τοὺς
1218 2892 1348 2932 πρέσβεις
1368 2894 1431 2927 τοὺς
1456 2899 1534 2935 παρὰ,

89 2938 170 2968 libri.
828 2937 985 2967 Φιλίτα-που
1011 2937 1103 2977 ῥηθεὶς
1128 2936 1206 2974 λόγος
1236 2935 1486 2978 [Demosthenis]
1510 2938 1536 2968 ὃν

132 2982 262 3018 ᾍΤοῧτον
293 2980 439 3020 ἐπιγράφει
470 2980 514 3011 τόν
541 2982 618 3019 λόγον
650 2981 784 3021 [Lysiae]
827 2980 974 3020 ἐπιγράφει
998 2979 1189 3019 Καλλίμαχος
1217 2977 1311 3018 ἕψω-ἐρ
1338 2978 1537 3010 (Αλονῆσου.
