1839 3229
215 190 297 233 118
773 188 808 230 Ι.
841 188 1104 232 TAYLORI

205 308 303 341 μενοι
325 295 356 328 δὲ
379 295 469 335 τινὲς
482 309 522 339 με
539 297 666 336 ἥκοντα
682 301 751 330 τῶν
777 299 1058 338 τετρακοσίων
1082 297 1222 335 ἐζήτουν
1238 310 1273 331 τε
1295 301 1516 344 παραχρῆμα,
1537 301 1592 333 καὶ
1613 301 1677 335 λα-

206 351 489 393 βόντεςῆγαγον
514 350 561 388 εἰς
586 351 652 390 τὴν
675 350 822 392 βουλήν.
846 350 944 388 εὐθὺς
967 349 999 383 δὲ
1025 350 1203 394 παραστάς
1225 363 1282 394 μοι
1308 353 1512 397 Πείσανδρος
1533 367 1564 387 κ.
1587 367 1619 387 τ.
1641 357 1676 388 λ.

207 403 382 448 Sequitur
398 403 504 437 tertia
520 404 636 438 oratio
663 405 728 438 De·
750 405 859 445 Pace,
883 414 995 448 quam
1020 404 1273 448 Harpocratio,
1291 408 1339 447 et,
1364 407 1475 450 juxta
1491 410 1677 442 auctorem

207 459 409 498 ὑποθέσεως,
440 458 638 502 Dionysius
656 459 816 503 quidam,
837 458 1074 501 proculdubio
1093 458 1435 501 Hastearnassensis,
1452 462 1593 496 Oratori
1611 473 1678 496 no-

209 518 282 548 stro
301 514 525 558 abjudicant.
578 515 626 548 Et
650 519 748 547 recte
776 514 923 559 quidem
951 524 1031 547 mea
1049 515 1230 548 sententia.
1248 515 1470 558 abjudicant.
1519 517 1564 551 In
1583 519 1678 552 Ora-

210 568 319 602 tionis
338 569 440 602 initio
458 570 640 612 insumpta
665 573 719 602 est
746 570 816 602 scre
844 579 916 601 una
945 570 1073 612 pagina
1109 570 1203 603 Edit.
1230 570 1354 614 steph.
1378 572 1413 605 in
1437 571 1680 606 monumentis

211 635 287 658 suae
305 625 421 667 gentis
451 625 692 663 recensendi«,
712 628 751 656 nt
771 625 836 656 hoc
862 624 1009 666 planum
1030 625 1159 657 faceret
1179 625 1423 667 audientibus,
1444 626 1596 668 majores
1615 637 1679 659 eo-

210 690 289 713 rum
314 690 384 712 non
415 680 520 711 modo
541 680 637 712 nullo
656 690 737 712 cnm
769 678 963 722 impendio,
983 679 1044 712 sed
1065 680 1222 712 maxima
1250 691 1393 723 semper
1417 692 1500 714 cum
1524 681 1681 714 utilitate

211 745 338 780 pacem
359 745 441 770 cum
458 734 749 768 Lacedaemoniis
768 734 906 768 secisse.
935 733 1067 766 Totum
1082 740 1202 767 autem
1216 736 1350 775 locuni,
1364 736 1489 769 iisdem
1507 747 1599 780 pene
1613 746 1680 779 per

212 790 332 822 omnia
349 790 478 831 tet-ms,
495 790 735 822 cmendiczwit
751 789 918 831 Sophista
937 800 980 821 ex
998 789 1065 821 sinc
1083 789 1265 822 Orationis
1281 791 1463 824 AEschinis
1481 792 1526 824 de
1544 792 1679 824 ement.

213 844 319 886 legat.
371 843 472 884 Quas
491 849 613 877 autom
638 845 779 888 reponit
795 844 854 877 ille
873 844 1006 886 gratius
1022 854 1083 885 pro
1102 845 1208 876 tantis
1226 845 1392 880 auxiliis?
1422 847 1515 880 Istus
1526 858 1576 880 sc.
1590 857 1681 890 quas

213 899 341 937 solent,
367 898 427 941 qui
456 900 668 932 exscribunt
696 910 825 942 nempe
855 902 893 931 nt
920 898 1127 931 describant
1157 909 1354 942 perperam.
1406 901 1450 933 In
1480 900 1683 934 Andocidis

213 953 318 989 editis
336 953 403 986 ita:
432 954 498 986 ἼΗν
520 957 582 997 μὲν
599 955 616 987 ὁ
635 955 782 998 πόλεμος
807 954 889 998 ἡμῖν
906 955 942 986 ἐν
961 954 1087 997 Εὐβοίᾳ
1106 972 1150 977 ——
1167 955 1219 986 καὶ
1240 956 1428 996 Μιλτιάδην
1445 958 1506 989 τὸν
1527 958 1683 1000 Κίμωνος

213 1007 495 1050 ὠστρακισμένον,
514 1011 567 1041 καὶ
591 1010 675 1042 ὄντα
702 1010 739 1041 ἐν
758 1009 958 1053 Χερῤονήσῳ
975 1008 1215 1051 κατεδεξάμεθα
1232 1009 1269 1042 ἒί
1286 1011 1368 1043 αὐτὸ
1386 1014 1496 1052 τοῦτο,
1517 1012 1683 1054 πρόξενον

213 1065 298 1097 ὄντα
331 1065 614 1108 Λακεδαιμονίων,
642 1067 735 1105 ὅπως
766 1066 956 1110 πέμψαιμεν
983 1066 1029 1104 εἰς
1061 1065 1303 1108 Λακεδαίμονα,
1332 1068 1684 1110 προκηρυκευσόμενον

216 1121 291 1162 περὶ
316 1120 488 1153 σπονδῶν.
515 1123 569 1154 καὶ
587 1122 661 1154 τότε
681 1122 762 1164 ἡμῖν
779 1122 892 1165 εἰρήνη
911 1121 1041 1164 ἐγένετο
1062 1122 1147 1164 πρὸς
1164 1122 1445 1165 Λακεδαιμονίους
1461 1123 1518 1162 ἔτη
1543 1121 1681 1163 πέντε,

215 1175 268 1206 καὶ
286 1175 498 1218 ἐνεμείναμεν
511 1176 689 1219 ἀμφότεροι
705 1176 843 1214 ταύταις
866 1180 941 1214 ταῖς
959 1177 1123 1214 σπονδαῖς
1141 1177 1197 1216 ἔτη
1220 1177 1496 1220 τριακαίδεκα.
1528 1177 1613 1210 Hoc
1627 1179 1684 1210 est

214 1227 336 1268 (llgllis
355 1230 586 1272 computare!
626 1229 724 1262 Audi
742 1241 826 1263 vero
844 1231 995 1262 alterum
1010 1240 1018 1262 ζ
1038 1232 1282 1269 Καταστάντες
1302 1235 1386 1274 πρὸς
1403 1232 1685 1276 Λακεδαιμονίους

215 1283 261 1321 εἷς
285 1284 434 1326 πόλεμον
462 1302 508 1307 --
539 1283 724 1316 Μιλτιάδου
754 1286 812 1316 τοῦ
843 1285 1000 1327 Κίμωνος
1031 1285 1384 1327 προκηρυκευσαμένου
1413 1289 1498 1329 πρὸς
1524 1287 1684 1320 Λακεδαι-

135 1345 198 1377 694
214 1341 366 1381 μονίους,
393 1341 493 1378 ὄντος
518 1340 692 1383 προξένου,
719 1339 869 1377 σπονδὰς
895 1342 953 1371 τοῦ
977 1339 1125 1382 πολέμου
1155 1344 1538 1380 πεντηκονταετεῖς
1567 1343 1684 1382 ἐποιή-

215 1408 334 1438 σαμεν,
361 1395 573 1437 ἐχρησάμεθα
600 1396 721 1433 αὑταῖς
751 1394 783 1427 δὲ
813 1395 869 1434 ἔτη
896 1394 1118 1438 τριακαίδεκα.
1147 1393 1272 1427 AEsch.
1299 1407 1336 1427 π.
1365 1397 1579 1439 παραπρεσβ.
1610 1406 1684 1430 non

213 1450 340 1495 procul
368 1461 388 1483 a
411 1450 491 1482 tine.
541 1449 601 1483 Ad
619 1454 783 1493 quartam
811 1459 895 1482 vero
921 1452 1099 1492 properat,
1129 1449 1164 1481 in
1192 1459 1263 1493 qna
1289 1459 1506 1493 magnopere
1530 1451 1685 1492 exultat,

216 1505 327 1539 crisis
342 1514 434 1538 mea.
462 1504 600 1538 Habita
619 1508 683 1543 cst,
701 1503 729 1537 si
749 1504 868 1537 Musis
888 1504 1018 1547 placet,
1041 1503 1171 1537 Contra
1189 1503 1418 1538 Alcibiadem.
1465 1505 1521 1538 lta
1538 1505 1684 1549 Harpo-

214 1558 328 1593 cratio
346 1570 429 1592 cum
449 1559 547 1600 alibi,
564 1563 639 1592 tum
664 1560 700 1592 in
718 1570 806 1592 voce
822 1559 1000 1603 Εὐανδρία.
1026 1559 1207 1601 Εὐανδρία.
1224 1561 1482 1600 Παναθηναίοις
1496 1561 1686 1605 Εὐανδρίαις

214 1615 311 1658 ἁγὼν
324 1617 435 1659 ἤγετο.
451 1615 646 1655 Ἀνδοκίδης
661 1613 689 1646 δ’
700 1615 736 1647 ἐν
747 1617 795 1657 τῷ
809 1615 880 1647 κατ’
890 1614 1104 1654 Ἀλκιβιάδου
1116 1614 1222 1654 δηλοῖ,
1237 1616 1290 1647 καὶ
1304 1616 1501 1658 Φιλόχορος.
1522 1616 1684 1650 Primum

213 1668 336 1713 itaque
352 1670 584 1702 restituamus
601 1680 681 1701 eain
699 1679 824 1701 vocent
840 1669 1003 1709 orationi,
1024 1679 1104 1701 nam
1124 1668 1230 1701 hodic
1249 1669 1284 1701 in
1303 1679 1346 1700 ea
1363 1669 1571 1712 neutiquam
1585 1680 1686 1703 com-

213 1728 328 1767 paret.
381 1725 522 1758 Locum
541 1729 661 1757 autem
682 1724 829 1756 habebit
848 1724 881 1756 in
901 1724 978 1766 ipso
992 1723 1091 1756 exitu
1112 1722 1294 1761 orationis,
1311 1726 1431 1757 Καίτοι
1454 1725 1614 1768 τυγχάνω
1631 1738 1685 1759 νε-

214 1782 356 1821 νικηκὼς
375 1782 417 1815 ἐν
441 1782 606 1825 ἀνδρίᾳ,
632 1782 685 1813 καὶ
713 1780 878 1825 λαμπάδι,
896 1782 949 1812 καὶ
975 1779 1171 1824 τραγῳδοῖς.
1226 1778 1299 1812 Vox
1325 1779 1394 1812 ista
1409 1779 1547 1823 Ἀνδρία
1565 1791 1685 1826 suspe-

214 1841 268 1869 cta
288 1835 355 1869 fuit
372 1836 580 1869 doctissimo
601 1834 795 1873 Palmam,
812 1835 873 1878 qni
892 1835 932 1867 de
946 1846 984 1867 eo
1001 1845 1111 1879 agone
1133 1832 1223 1866 nihil
1238 1844 1389 1881 unquam
1408 1845 1445 1866 se
1465 1834 1587 1879 leg-isse
1605 1846 1685 1878 pro-

214 1890 357 1929 fitetur;
384 1890 555 1933 quoniam
573 1893 695 1922 autem
715 1890 984 1934 Λαμπαδηφορία
1008 1889 1104 1933 ἀγὼν
1119 1889 1180 1928 (ab
1199 1888 1351 1921 Oratore
1369 1888 1532 1931 proxime
1551 1900 1686 1923 memo-

214 1946 331 1988 ratus)
354 1944 589 1978 celebrabatur
605 1944 642 1977 in
661 1944 876 1984 Academia,
896 1944 1041 1985 dubitat,
1060 1955 1141 1977 uum
1167 1943 1303 1977 Andria
1329 1955 1394 1976 vox
1411 1943 1597 1988 irrepserit
1615 1956 1685 1990 pro

214 1999 430 2042 Academia,
449 1998 634 2044 quoeforte
648 2011 715 2045 per
731 1999 1013 2033 abbreviationem
1032 1998 1204 2043 quandam
1220 1997 1500 2043 scriptafuerat.
1544 1999 1601 2032 Tu
1621 2010 1687 2034 au-

213 2056 286 2088 tem
307 2066 370 2099 pro
387 2057 424 2088 ἐν
446 2056 566 2099 ἀνδρίᾳ
584 2056 662 2097 tege
686 2055 895 2099 εὐανδρίᾳ.
938 2054 1030 2095 Quis
1050 2054 1181 2095 negat?
1210 2053 1288 2094 Ego
1307 2053 1443 2087 interea
1459 2052 1578 2096 majus
1594 2064 1686 2098 opus

214 2119 354 2144 moveo.
395 2112 427 2143 1.
443 2111 660 2154 Disputatur
683 2111 718 2143 in
738 2110 804 2143 hac
822 2120 932 2143 causa
949 2118 1145 2152 quemnam
1164 2108 1282 2151 potius
1300 2119 1345 2141 ex
1364 2108 1478 2141 tribus
1494 2108 1687 2142 decennali

214 2164 283 2197 isto
319 2164 458 2206 saisitis),
489 2166 586 2208 quod
613 2164 851 2198 osci-acismnm
879 2166 1022 2203 vocant,
1049 2164 1254 2206 plecterent
1273 2162 1536 2196 Athenienses:
1561 2163 1599 2196 ‘0
1622 2165 1686 2207 μὲν

215 2216 276 2253 οὖν
294 2222 389 2263 ἀγὼν
406 2221 423 2252 ὀ
443 2221 574 2263 παρὼν,
590 2222 628 2253 οὐ
646 2220 908 2262 στεφανηφόρος,
927 2219 1004 2250 ἀλλ’
1021 2219 1048 2250 εἰ
1063 2221 1129 2260 χρὴ
1146 2218 1250 2260 μηδὲν
1265 2217 1478 2257 ἀδικήσαντα
1497 2220 1563 2259 τὴν
1580 2219 1687 2252 πόλιν

215 2274 290 2307 δέκα
304 2275 361 2313 ἔτη
378 2275 523 2317 φεύγειν.
542 2275 571 2306 οἱ
589 2274 614 2306 δ’
630 2274 941 2316 ἀνταγωνιζόμενοι
955 2274 1031 2315 περὶ
1055 2274 1124 2304 τῶν
1140 2272 1256 2303 ἄθλων
1270 2273 1400 2306 τούτων
1417 2274 1516 2315 ἐσμὲν
1532 2272 1608 2315 ἐγὼ
1630 2273 1686 2306 καὶ

214 2329 430 2371 Ἀλκιβιάδης
458 2331 513 2362 καὶ
545 2330 675 2367 Νικίας·
703 2325 749 2360 ὧν
779 2328 971 2370 ἀναγκαῖον
1001 2326 1062 2358 ἕνα
1093 2329 1135 2369 τῇ
1169 2328 1322 2370 συμφορᾷ
1351 2329 1556 2370 περιπεσεῖν.
1585 2326 1684 2360 Edit.

215 2383 339 2427 Stepli.
358 2395 391 2427 p.
409 2386 469 2418 29.
519 2384 587 2427 (2.)
605 2382 764 2422 Deinde,
783 2381 926 2420 Orator,
944 2380 1154 2424 quicunque
1173 2380 1290 2421 fuerit,
1313 2383 1500 2422 memorat,
1520 2391 1558 2413 se
1576 2381 1686 2414 domo

216 2448 293 2472 esse
312 2437 435 2471 humili
455 2438 574 2481 potius
589 2441 626 2471 ct
642 2436 805 2478 ignobili,
830 2445 939 2480 quam
957 2434 1107 2467 illustri:
1128 2436 1168 2468 Εἰ
1190 2435 1238 2468 δεῖ
1263 2438 1350 2468 κατὰ
1375 2436 1473 2479 γένος
1487 2432 1558 2477 (vel
1576 2438 1619 2468 ut
1635 2435 1687 2470 t'e-

214 2492 331 2526 liciter
348 2493 474 2526 saltem
494 2492 698 2536 Stephanus
715 2495 780 2524 καὶ
805 2493 849 2524 τὸ
876 2489 988 2534 γένος)
1005 2494 1158 2531 σκοπεῖν,
1179 2492 1249 2533 ἐμοὶ
1268 2493 1330 2534 μὲν
1355 2490 1540 2533 οὐδαμόθεν
1557 2491 1687 2535 προσή-

216 2560 263 2581 κει
291 2547 411 2580 τούτου
436 2550 495 2579 τοῦ
525 2546 735 2590 πράγματος,
763 2556 799 2589 p.
826 2548 883 2579 33.
933 2544 1003 2588 (3.)
1029 2544 1138 2578 Porro
1167 2544 1368 2588 legationes
1394 2554 1477 2577 suas
1508 2548 1685 2589 recenset,

216 2601 348 2646 quibus
362 2601 554 2634 honorifice
572 2603 609 2634 et
626 2601 662 2633 in
687 2600 842 2634 civitatis
859 2600 1017 2633 salutem
1035 2599 1182 2632 functus
1198 2602 1273 2632 est:
1299 2599 1387 2643 Ἐγὼ
1414 2600 1626 2643 πρεσβεύσας
1642 2601 1688 2640 εἰς

217 2659 407 2693 θετταλίαν
433 2659 487 2690 καὶ
513 2657 726 2690 Μακεδονίαν
756 2658 811 2689 καὶ
838 2657 882 2695 εἰς
915 2656 1113 2689 Μολοσσίαν
1142 2657 1197 2687 καὶ
1226 2655 1272 2693 εἰς
1299 2656 1532 2699 θεσπρωτείαν
1556 2657 1612 2688 καὶ
1640 2655 1687 2695 εἰς

215 2715 370 2747 Ἰταλίαν
391 2715 446 2747 καὶ
481 2713 526 2751 εἰς
555 2713 709 2745 Σικελίαν
736 2714 813 2750 τοὺς
837 2713 899 2753 μὲν
931 2710 1106 2753 διαφόρους
1137 2711 1240 2748 ὄντας
1262 2709 1440 2750 διήλλαξα,
1460 2712 1537 2748 τοὺς
1567 2709 1594 2742 δ’
1614 2711 1687 2743 ἐπι-

216 2769 365 2810 τηδείους
393 2770 548 2808 ἐποίησα,
571 2769 648 2805 τοὺς
678 2766 703 2798 δ’
727 2766 796 2798 ἀπὸ
821 2769 890 2799 τῶν
914 2766 1042 2809 ἐχθρῶν
1066 2764 1257 2804 ἀπέστησα.
1281 2774 1318 2806 p.
1340 2766 1398 2797 34.
1447 2763 1531 2796 Jam
1561 2773 1684 2798 meum

215 2827 283 2865 est,
302 2824 343 2855 ut
359 2822 464 2863 veris,
484 2821 512 2854 si
538 2821 685 2864 possim,
704 2820 848 2853 vincam
874 2819 952 2852 haec
975 2817 1082 2863 quasi
1108 2818 1178 2852 oris
1205 2817 1426 2851 lineamenta
1451 2817 1686 2854 Andocidem

216 2877 364 2911 minime
388 2878 530 2918 referre,
549 2876 682 2910 deinde
706 2877 748 2908 ut
766 2874 978 2919 producam,
1001 2884 1111 2918 quem
1140 2872 1295 2906 referant
1318 2872 1490 2907 maxime.
1540 2874 1687 2908 Interea

217 2934 354 2975 autem,
373 2932 460 2966 dum
482 2942 540 2966 me
557 2931 627 2965 ista
643 2940 729 2964 cura
745 2931 927 2971 exerceat,
943 2928 1189 2972 expendenda
1212 2929 1268 2961 est
1284 2927 1458 2962 Athenaei
1477 2929 1686 2972 auctoritas,

215 2985 279 3029 qui
295 2985 389 3021 hanc
405 2985 603 3021 orationem
628 2984 900 3030 quodammodo
925 2982 1046 3026 Lysiae
1064 2984 1186 3018 nostro
1215 2982 1394 3026 assignet:
1421 2993 1505 3017 cum
1524 2983 1548 3017 l.
1561 2985 1596 3018 9.
1615 2984 1685 3020 sub
