1839 3229
224 169 334 218 204⁴
583 172 869 218 ΛΤΣΙΟΥ
907 173 1319 218 ΕΠΙΤΑΦΙΟΣ

221 285 501 356 ψευσθεντες,
537 286 615 341 καὶ
653 283 726 345 οὓς
759 283 977 351 φυλοῖξειν
1014 285 1147 341 ὤοντο
1176 313 1254 343 και
1286 315 1395 383 προς
1428 291 1498 353 οὓς
1532 291 1670 346 κινδυ-

221 361 380 415 νεύσειν
402 361 610 431 ἔμελλον,
635 359 723 426 οὖχ
751 342 1033 423 ἡττηθέντες
1049 387 1134 415 των
1159 363 1378 429 ἐναντίων,
1405 366 1518 420 ἀλλ’
1541 369 1670 420 02:450-

219 438 427 495 θανόντες
451 433 587 504 οῧπγερ
614 432 889 502 ἐτάχθησαν
911 436 1179 506 μάχεσθαι.
1204 437 1346 509 τούτῳ
1364 438 1407 494 δὲ
1432 443 1497 509 τῷ
1521 441 1669 535 τρόπῳ

220 536 305 564 των
320 535 409 599 μεν
427 508 824 576 δυστυχησαντων,
852 534 936 563 των
951 509 994 565 δὲ
1014 537 1091 573 της
1112 512 1306 604 παρόδου
1333 517 1667 606 κρατησάντων,

149 593 202 629 96
219 587 258 639 οἷ
288 586 367 658 μὲν
391 584 636 660 ἐπορεύοντο
661 583 736 638 ἐπὶ
767 582 888 648 τήνδε
915 610 991 648 την
1024 588 1166 642 πόλιν·
1196 614 1233 641 οι
1224 587 1305 641 Ηὸ
1343 587 1538 683 ημὲτεξοι
1564 591 1668 658 πρό·
1687 609 1738 644 35

216 685 333 728 ’γονοι
363 661 601 731 πυθόμενοι
625 684 705 730 μεν
739 683 818 722 την
848 661 1136 734 γεγενημένην
1162 660 1527 734 Λακεδαιμονίοις
1549 687 1668 734 cupe-

217 736 368 828 φοροέν,
393 735 688 828 οἷπορουντες
682 732 726 787 δὲ
752 743 842 793 τοῖς
860 739 1171 827 περιεστηκόσι
1197 760 1487 809 πραγμασιν,
1513 736 1670 799 εἶὸότες

215 808 302 861 ΣΝ
279 835 366 872 οτι,
395 808 432 860 εἷ
454 808 533 879 μὲν
558 807 688 861 κατοέ
706 832 788 876 ’γην
806 817 898 867 τοῖς
895 810 1231 902 βαξβοέροις’
1197 812 1553 874 απαντήσονται,
1571 811 1670 866 ἐπι-

215 883 495 942 πλεύσαντες
520 883 700 950 χιλίαις
724 906 873 937 ναυσιν
891 881 1044 976 ἔρεημην
1069 907 1148 947 την
1163 882 1292 936 πόλιν
1311 883 1551 988 λήψονταζ,
1572 910 1608 938 ει
1596 885 1672 940 ’δε

222 957 280 1016 εἷς
306 958 392 1018 τοὶς
409 982 581 1050 τριηξεις
596 956 936 1029 ἓμβηο-ονται,
910 981 999 1012 υπο
1019 982 1098 1019 της
1113 957 1254 1031 πεζης
1269 982 1496 1054 στρατιας
1521 960 1672 1014 1οἷλωω

149 1033 203 1070 97
220 1056 393 1096 σονται,
427 1031 669 1125 α’μφότερα
703 1032 747 1087 δὲ
788 1034 833 1085 ου’
873 1031 1142 1096 δυνησονται,
1184 1033 1461 1105 οἷμύνασθαί
1498 1058 1549 1088 τε
1591 1033 1672 1089 καὶ

219 1106 425 1171 φυλακην
451 1106 602 1169 ἷκανην
627 1118 924 1172 καταλιπειν,
954 1106 1062 1161 δυοῖν
1087 1107 1132 1162 δε
1146 1111 1465 1203 προκειμένοιν,
1493 1109 1674 1205 πότερον
1689 1129 1742 1164 4ο

217 1206 306 1250 χρη
331 1207 410 1245 την
442 1181 690 1258 πατρίδα
674 1193 878 1236 emmena
905 1209 930 1246 η
953 1207 1080 1255 μετα
1104 1209 1189 1237 των
1218 1184 1464 1262 βαρβαρων
1490 1208 1674 1256 ’γενομε-

830 1291 838 1310 ¹
862 1291 1010 1322 ἁλώσεται
1025 1292 1062 1322 Τ.

234 1355 396 1366 -----

216 1399 293 1430 inre
308 1401 394 1440 passi
406 1411 492 1431 suum
507 1401 702 1432 animumaut
715 1402 926 1432 fortitudinem
964 1401 1080 1443 ψοντοιι,
1108 1401 1290 1441 ἒμζησοντοιι,
1317 1402 1489 1439 δυνήσονται,
1515 1402 1590 1432 nihil
1622 1413 1676 1432 no-

219 1442 403 1474 desiderari.
427 1444 533 1475 Imm.
556 1444 637 1475 οὐδέν.
662 1445 898 1475 ἮΤΛᾺΕῈῙΕΠ).
966 1455 1050 1481 vum,
1067 1446 1094 1476 si
1111 1446 1306 1486 Calligrapho
1326 1446 1498 1476 tinniebant
1518 1455 1607 1475 aures
1628 1455 1676 1475 ar-

262 1486 314 1516 Κοιῖ
330 1486 389 1527 ους]
408 1489 490 1518 Bene
506 1489 597 1518 habet
611 1488 660 1518 hic
671 1488 767 1517 locus.
784 1488 867 1517 idem
879 1492 929 1517 est

220 1539 257 1559 ac
273 1529 299 1559 si
320 1529 473 1560 dixisset:
495 1531 542 1560 καὶ
558 1532 608 1560 τοῦ
630 1543 678 1560 του
671 1531 735 1560 ’των
749 1531 833 1571 (scil.
850 1531 933 1561 ἰι-,τλή-

220 1570 299 1610 θους)
314 1571 357 1605 οὓς
368 1573 538 1611 <pontifis-⁹¹¹
517 1574 663 1615 ωοντο,καῖ
678 1575 727 1603 τοῦ
739 1585 788 1603 του
781 1574 857 1608 ‘rcum
869 1573 935 1613 πξός

222 1613 265 1648 οὓς
279 1616 453 1646 κινδυνεύειν’
447 1615 577 1656 ἔμελλον.
601 1618 795 1646 vehementer
810 1617 935 1655 decepti

221 1667 350 1688 nurnero
362 1658 578 1693 multitudinis,
586 1662 647 1689 tam
661 1661 738 1698 ejus,
748 1670 837 1698 quam
849 1665 936 1690 erant

221 1699 283 1739 ipsi
305 1701 423 1736 tuituri,
447 1712 537 1741 quam
557 1701 652 1738 illius,
674 1703 823 1732 adversus
846 1714 936 1742 quam

223 1743 412 1774 dimicaturi.
429 1745 459 1774 li.
481 1756 508 1774 e.
534 1755 570 1774 eo
591 1746 671 1784 quod
690 1751 721 1775 et
737 1746 839 1775 Graeci
862 1756 936 1785 pau-

224 1786 324 1816 ciores
340 1797 476 1822 numero,
492 1798 581 1827 quam
598 1798 654 1827 pro
668 1799 725 1828 spe
741 1799 805 1824 sua,
824 1789 888 1819 suis
905 1790 936 1818 in

225 1829 335 1859 castris
369 1830 515 1865 coissent,
543 1836 575 1860 et
610 1841 627 1860 a
658 1833 818 1861 Persarum
848 1833 938 1862 turba

225 1872 323 1903 multo
339 1874 453 1912 majore
477 1873 734 1912 opprimerentur,
757 1885 845 1914 quam
868 1876 937 1914 opi·

227 1915 290 1944 nati
304 1915 444 1945 fuissent.
467 1916 590 1946 Rmsx.

270 1957 450 1999 Μάχεο-θοιι]
475 1959 585 1988 Haeret
598 1960 759 1996 sententia,
775 1970 832 1990 nec
848 1960 937 1999 quid-

228 2010 318 2039 quam
341 2006 441 2030 tamen
464 2001 494 2030 iu
513 2002 637 2041 scriptis
654 2003 741 2032 libris
759 2003 937 2042 adjumenti.

226 2044 386 2075 TAYLoiz.
413 2046 538 2075 ἡττῶντο
563 2056 603 2074 ex
631 2046 700 2075 cod.
734 2046 939 2075 Laurentiano

229 2087 386 2125 supplevi.
401 2086 554 2127 inferiores
567 2088 724 2118 evadebant
734 2105 778 2110 —-
787 2088 842 2129 οὐχ
852 2089 941 2119 ἡττη-
972 2088 980 2098 ²

228 2128 322 2163 Θὲντες
345 2141 373 2159 κ.
393 2141 424 2160 τ.
446 2137 476 2160 λ.
497 2140 555 2160 non
577 2131 613 2161 ab
638 2130 764 2161 hostibus
786 2132 868 2168 victi,
891 2132 941 2162 sed

230 2173 344 2202 animas
359 2171 450 2213 qfflati
465 2178 525 2204 etc.

275 2215 386 2249 Εἰδότες
401 2214 439 2256 δ’]
464 2216 546 2246 Illud
561 2215 590 2247 δὲ
610 2217 719 2247 abesse
737 2216 851 2247 malim.
871 2228 944 2247 cau-

233 2267 297 2287 sam
320 2259 399 2288 enim
422 2259 558 2298 subjicit,
579 2270 635 2290 cur
657 2259 768 2290 incerti
795 2271 830 2290 ac
857 2260 944 2291 dubii

231 2300 377 2338 fuissent,
399 2302 541 2340 quidnam
562 2302 593 2332 in
609 2313 643 2333 re
665 2308 729 2333 tam
748 2303 874 2343 ancipiti
896 2315 944 2334 se-

233 2348 410 2382 querentur.
433 2345 556 2376 Rmsx.

275 2385 521 2429 Ἀπαντήο-οντοιι]
542 2389 583 2418 Et
597 2387 782 2428 ἒμὲησονἺτοιι
795 2390 834 2419 ad
850 2390 946 2420 Athe·

233 2427 356 2459 nienses
371 2430 516 2467 refertur,
532 2432 666 2462 medium
687 2432 881 2471 interjectum
896 2433 946 2464 λη-

235 2470 338 2508 ψοντοιι
355 2473 393 2502 ad
409 2474 531 2503 Persas.
560 2475 618 2504 Est
633 2475 757 2514 quidem
772 2476 838 2506 haec
855 2480 948 2506 aestu-

235 2514 300 2544 atio
317 2515 401 2545 velut
422 2516 582 2552 orationis,
598 2528 658 2547 uno
680 2519 767 2558 quasi
784 2519 895 2558 spiritu
910 2520 948 2549 ab

237 2557 309 2587 aliis
329 2557 368 2587 ad
390 2558 466 2588 alios
488 2560 715 2598 transsilientis,
731 2565 762 2591 et
782 2573 890 2592 rursus
911 2563 948 2592 ab

237 2600 285 2630 his
301 2601 339 2629 ad
352 2600 423 2631 illos
439 2603 629 2640 resultantis,
645 2605 729 2634 nulla
744 2605 848 2636 addita
864 2609 948 2641 nota,

239 2642 322 2672 unde
338 2643 539 2680 discernatur,
560 2646 620 2675 utri
636 2646 836 2686 designentur
860 2648 949 2678 iden-

239 2685 348 2721 tidem,
363 2686 449 2717 labes
465 2689 613 2726 quaedam.
645 2690 759 2719 Verum
776 2690 863 2720 eccui
878 2690 952 2721 talia.

239 2738 299 2758 non
317 2729 476 2765 excidunt,
493 2731 661 2769 praesertim
677 2733 884 2769 contendenti,
900 2733 951 2764 cui

240 2775 324 2801 tanto
336 2772 472 2811 paratior
486 2783 554 2803 esse
571 2774 663 2804 debet
676 2775 775 2811 venia,
788 2776 893 2817 quod'
882 2786 953 2825 ipsa

240 2824 343 2844 rerum
360 2815 572 2855 expositarum
587 2821 691 2848 natura
710 2819 819 2848 lectori
841 2818 953 2858 cuique

242 2857 399 2895 subjiciat,
428 2869 489 2899 quo
518 2860 652 2900 quidque
682 2861 724 2891 sit
751 2862 953 2892 referendum.

242 2900 350 2931 lnEM.

286 2942 449 2995 Δῆψονται]
474 2947 536 2985 Np.
552 2947 573 2977 οἶ
590 2946 734 2987 Βάρβαξοι.
756 2947 893 2978 Auofin.

286 2984 478 3029 Ἀλώσονται]
508 2990 543 3020 In
575 2994 657 3021 tanto
688 2990 817 3030 strepitu
846 2999 952 3021 vocum

964 1494 1058 1518 recta:
1088 1490 1197 1528 magis,
1222 1500 1313 1528 quam
1339 1499 1426 1519 mens
1455 1492 1486 1518 et
1517 1488 1676 1528 cogitatio.

971 1532 1106 1561 Pronum
1136 1543 1210 1570 ergo
1239 1533 1297 1562 fuit
1326 1537 1357 1562 et
1386 1532 1548 1561 ἁλώσονται
1579 1531 1678 1572 [quod

968 1575 1040 1604 dant
1057 1575 1189 1613 vulgatae
1201 1580 1232 1604 et
1247 1574 1345 1614 Aug]
1363 1575 1475 1605 ceteris
1491 1575 1682 1612 adscribere,

969 1627 1038 1646 cum
1054 1622 1153 1647 tamen
1168 1628 1265 1656 neque
1287 1619 1413 1648 Barbari
1432 1628 1529 1657 neque
1551 1617 1681 1647 Atheni-

970 1671 1070 1696 enses,
1081 1661 1135 1690 sed
1148 1662 1219 1690 urbs
1232 1661 1301 1699 ipsa
1313 1660 1504 1700 intelligitur.
1519 1661 1680 1692 huon.

970 1704 1130 1733 Revocavi
1152 1704 1325 1740 ἁλώσονται,
1340 1706 1422 1743 quod
1446 1703 1558 1743 Taylor
1578 1707 1682 1733 aucto-

970 1747 1060 1776 ritate
1076 1757 1159 1776 mere
1176 1758 1230 1776 sua
1250 1757 1320 1776 cum
1336 1747 1481 1777 ἁλώσεται
1501 1751 1683 1776 mutaverat.

972 1789 1068 1819 Redit
1092 1790 1251 1819 ἁλώσονται
1281 1790 1321 1819 ad
1350 1791 1566 1821 Athenienses.
1610 1790 1684 1819 Non

971 1837 1087 1862 tantum
1101 1833 1138 1868 is,
1154 1833 1206 1871 qui
1222 1833 1314 1863 vivus
1327 1838 1435 1872 captus
1450 1833 1481 1863 in
1496 1835 1683 1872 potestatem

972 1875 1070 1904 hostis
1086 1875 1180 1910 venit,
1196 1875 1309 1905 dicitur
1325 1874 1507 1910 ἁλίσκεσθαι,
1524 1875 1578 1904 sed
1590 1875 1683 1904 etiam

971 1918 1010 1953 is,
1024 1920 1112 1956 cujus
1125 1923 1288 1957 postquam
1300 1922 1399 1957 captae
1410 1923 1440 1949 et
1451 1922 1602 1957 corruptae
1614 1922 1685 1947 sunt

972 1961 1110 1994 fortunae,
1126 1962 1346 1999 pessumdatus
1364 1961 1433 2001 ipse
1455 1965 1515 1991 est.
1530 1961 1612 2000 quod
1632 1960 1683 1990 bic

971 2003 1033 2032 loci
1049 2003 1177 2034 obtinet.
1203 2005 1326 2034 Rmsn.

1015 2045 1207 2086 Ἀλώσονται]
1237 2047 1300 2086 Np.
1329 2047 1353 2077 οἱ
1382 2044 1534 2084 Ἀθηναῖοι,
1565 2047 1616 2078 vel
1642 2048 1685 2077 τὰ

982 2086 1118 2119 Αθηναίων
1133 2089 1312 2129 πράγματα.
1334 2089 1473 2120 Auem.

1019 2132 1100 2162 Δυοῖν
1124 2130 1169 2172 δὲ]
1195 2132 1269 2162 Scit.
1290 2132 1489 2173 πςαγμάτοιν,
1512 2132 1563 2162 vel
1577 2131 1684 2172 potius

975 2174 1119 2215 αῖςὲσεοιν.
1142 2175 1264 2205 ΒΕῙΞΚ.

1019 2218 1213 2258 Καταλιπεῖν]
1233 2217 1301 2258 [Sic
1312 2218 1446 2258 vulgatae
1458 2220 1490 2247 et
1499 2217 1598 2259 Augu]
1614 2218 1686 2247 Prae

977 2260 1020 2300 τῷ
1034 2259 1162 2290 ἐκκλίνειν
1177 2260 1277 2291 codd.
1292 2261 1365 2291 Ald.
1383 2265 1415 2291 et
1429 2260 1687 2291 Coislinianorum

978 2304 1075 2334 tutior
1090 2309 1174 2333 certe
1188 2304 1247 2334 fuit
1263 2304 1416 2334 sententia
1428 2303 1577 2342 Stephani
1590 2303 1687 2332 ’κατα-

979 2348 1086 2384 λιπεῖν,
1110 2348 1216 2385 adjuta
1238 2357 1360 2386 quoque
1382 2357 1401 2376 a
1423 2345 1688 2384 Cantabrigiensi-

982 2392 1049 2420 bus.
1095 2390 1221 2429 Optima
1243 2395 1344 2420 tamen
1363 2389 1424 2418 fide
1442 2389 1603 2419 nobiscum
1623 2388 1690 2427 agit

981 2434 1093 2463 Baroc.
1114 2434 1264 2463 exhibens
1279 2443 1337 2473 pro
1356 2431 1441 2462 varia
1454 2431 1588 2461 lectione
1609 2429 1688 2461 ἔκλι-

981 2477 1055 2508 πεῖν.
1100 2476 1192 2513 Quod
1214 2486 1283 2505 cum
1304 2475 1343 2505 ad
1359 2474 1541 2514 scripturam
1557 2474 1688 2514 propius

982 2518 1116 2555 accedit,
1132 2524 1195 2548 tum
1210 2528 1270 2547 non
1281 2518 1383 2548 levem
1398 2517 1612 2547 auctoritatem
1623 2528 1688 2547 me-

981 2567 1067 2593 retur
1081 2572 1121 2592 ex
1138 2562 1264 2601 vulgata
1287 2561 1466 2590 Graecorum
1486 2559 1602 2600 phrasi.
1617 2558 1689 2598 ἐξέ-

982 2612 1094 2635 λιπον
1119 2603 1188 2644 ὑπὲρ
1209 2615 1261 2637 της
1275 2602 1412 2636 Ἑλλάδος
1427 2605 1477 2635 τὴν
1499 2602 1597 2632 πόλιν.
1622 2603 1688 2632 Νο-

983 2653 1046 2679 ster
1061 2648 1119 2677 hoc
1139 2647 1208 2686 ipso
1228 2647 1294 2677 fere
1317 2647 1347 2676 in
1372 2646 1452 2676 loco.
1497 2646 1539 2676 Et
1553 2644 1687 2674 deinde:

983 2689 1198 2724 ἐκλιπόντες
1213 2688 1269 2730 μὲν
1283 2689 1333 2719 τὴν
1351 2689 1442 2725 πόλιν,
1459 2688 1498 2722 εἷς
1512 2689 1568 2721 τὰς
1581 2688 1645 2721 ναῦς
1662 2685 1689 2716 δ’

985 2732 1130 2768 {emma
1174 2734 1216 2762 Et
1235 2733 1334 2762 Isocr.
1348 2731 1380 2761 in
1396 2733 1511 2769 Paneg.
1547 2731 1619 2764 Τους
1632 2731 1689 2760 τῶν

986 2776 1092 2807 ἑαυτῶν
1110 2773 1334 2810 ἐκλιπόντας
1355 2773 1425 2815 ὑπὲρ
1444 2785 1496 2807 της
1513 2774 1570 2803 τῶν
1591 2772 1690 2802 ἄλλων

986 2816 1132 2858 σωτηςῖοις.
1154 2818 1293 2857 Thucyd.
1310 2819 1338 2847 Ι.
1354 2819 1405 2847 18.
1421 2816 1451 2846 in
1467 2817 1535 2846 ead.
1549 2816 1688 2846 historia:

986 2861 1041 2891 Καὶ
1056 2862 1078 2891 οἳ
1094 2860 1240 2891 Ἀθηναῖοι
1257 2859 1387 2890 ἐπιόντων
1401 2861 1457 2889 τῶν
1476 2859 1573 2889 Μήδων
1586 2858 1688 2889 διανοη-

987 2903 1079 2938 θέντες
1093 2902 1266 2933 ἔκλιωεῖν
1281 2905 1330 2934 τῆν
1341 2902 1432 2939 πόλιν,
1450 2913 1479 2932 κ.
1491 2914 1521 2932 τ.
1540 2908 1569 2932 λ.
1585 2902 1688 2932 Hero-

988 2947 1051 2977 dot.
1065 2947 1179 2986 pariter
1193 2946 1333 2986 Polymu.
1346 2948 1419 2977 139.
1445 2945 1474 2975 Εἰ
1488 2943 1623 2975 Ἀθηναῖοι
1637 2955 1690 2974 κοι-

987 2989 1211 3032 ταῤῥωδήσαντες
1220 2989 1265 3022 τὸν
1276 2988 1389 3021 ἐπιόντα
1401 2987 1512 3021 κίνδυνον
1525 2986 1690 3028 ἐξέλιπον
